%YAML 1.1
%TAG !u! tag:unity3d.com,2011:
--- !u!1 &983774746560516504
GameObject:
  m_ObjectHideFlags: 0
  m_CorrespondingSourceObject: {fileID: 0}
  m_PrefabInstance: {fileID: 0}
  m_PrefabAsset: {fileID: 0}
  serializedVersion: 6
  m_Component:
  - component: {fileID: 3731200281114434881}
  - component: {fileID: 3219030073705240446}
  m_Layer: 0
  m_Name: Grounds
  m_TagString: Untagged
  m_Icon: {fileID: 0}
  m_NavMeshLayer: 0
  m_StaticEditorFlags: 0
  m_IsActive: 1
--- !u!4 &3731200281114434881
Transform:
  m_ObjectHideFlags: 0
  m_CorrespondingSourceObject: {fileID: 0}
  m_PrefabInstance: {fileID: 0}
  m_PrefabAsset: {fileID: 0}
  m_GameObject: {fileID: 983774746560516504}
  m_LocalRotation: {x: 0, y: 0, z: 0, w: 1}
  m_LocalPosition: {x: 0, y: 0, z: 0}
  m_LocalScale: {x: 1, y: 1, z: 1}
  m_ConstrainProportionsScale: 0
  m_Children:
  - {fileID: 3296675007580645215}
  - {fileID: 439943703548279235}
  - {fileID: 1508029289160728437}
  m_Father: {fileID: 0}
  m_RootOrder: 0
  m_LocalEulerAnglesHint: {x: 0, y: 0, z: 0}
--- !u!114 &3219030073705240446
MonoBehaviour:
  m_ObjectHideFlags: 0
  m_CorrespondingSourceObject: {fileID: 0}
  m_PrefabInstance: {fileID: 0}
  m_PrefabAsset: {fileID: 0}
  m_GameObject: {fileID: 983774746560516504}
  m_Enabled: 1
  m_EditorHideFlags: 0
  m_Script: {fileID: 11500000, guid: 0497f4768ca64854ba40f53e6fd9193e, type: 3}
  m_Name: 
  m_EditorClassIdentifier: 
  treeVFXs:
  - {fileID: 5897457832765786751}
  - {fileID: 4224332362100178619}
  - {fileID: 8833621560803971405}
  - {fileID: 2212501557976422706}
  - {fileID: 394845247754224890}
  - {fileID: 116356465981820630}
  - {fileID: 2057338490398664579}
  - {fileID: 1561437737231279628}
  - {fileID: 488389768083663556}
  - {fileID: 7564435983762354773}
  - {fileID: 266393194850485905}
  - {fileID: 4880469144219953511}
  - {fileID: 2853556635704566040}
  - {fileID: 4348077542090718416}
  - {fileID: 4085008142858286844}
  - {fileID: 2711341390196678569}
  - {fileID: 3208510773340970534}
  - {fileID: 4605677453317247726}
  - {fileID: 8794721533289501923}
  - {fileID: 1244416139132428327}
  - {fileID: 5858494844788887505}
  - {fileID: 3850217546544596910}
  - {fileID: 3359720151658191462}
  - {fileID: 3046609911292104778}
  - {fileID: 3987929157850495263}
  - {fileID: 4499532933952305296}
  - {fileID: 3250967726652748888}
--- !u!1001 &5194892709815531660
PrefabInstance:
  m_ObjectHideFlags: 0
  serializedVersion: 2
  m_Modification:
    m_TransformParent: {fileID: 3731200281114434881}
    m_Modifications:
    - target: {fileID: 5624161486830567759, guid: 97acca5ae5f2f254a8de1ee6a912a99b,
        type: 3}
      propertyPath: m_RootOrder
      value: 1
      objectReference: {fileID: 0}
    - target: {fileID: 5624161486830567759, guid: 97acca5ae5f2f254a8de1ee6a912a99b,
        type: 3}
      propertyPath: m_LocalPosition.x
      value: -4.4800043
      objectReference: {fileID: 0}
    - target: {fileID: 5624161486830567759, guid: 97acca5ae5f2f254a8de1ee6a912a99b,
        type: 3}
      propertyPath: m_LocalPosition.y
      value: -1.6000001
      objectReference: {fileID: 0}
    - target: {fileID: 5624161486830567759, guid: 97acca5ae5f2f254a8de1ee6a912a99b,
        type: 3}
      propertyPath: m_LocalPosition.z
      value: 340
      objectReference: {fileID: 0}
    - target: {fileID: 5624161486830567759, guid: 97acca5ae5f2f254a8de1ee6a912a99b,
        type: 3}
      propertyPath: m_LocalRotation.w
      value: 1
      objectReference: {fileID: 0}
    - target: {fileID: 5624161486830567759, guid: 97acca5ae5f2f254a8de1ee6a912a99b,
        type: 3}
      propertyPath: m_LocalRotation.x
      value: -0
      objectReference: {fileID: 0}
    - target: {fileID: 5624161486830567759, guid: 97acca5ae5f2f254a8de1ee6a912a99b,
        type: 3}
      propertyPath: m_LocalRotation.y
      value: -0
      objectReference: {fileID: 0}
    - target: {fileID: 5624161486830567759, guid: 97acca5ae5f2f254a8de1ee6a912a99b,
        type: 3}
      propertyPath: m_LocalRotation.z
      value: -0
      objectReference: {fileID: 0}
    - target: {fileID: 5624161486830567759, guid: 97acca5ae5f2f254a8de1ee6a912a99b,
        type: 3}
      propertyPath: m_LocalEulerAnglesHint.x
      value: 0
      objectReference: {fileID: 0}
    - target: {fileID: 5624161486830567759, guid: 97acca5ae5f2f254a8de1ee6a912a99b,
        type: 3}
      propertyPath: m_LocalEulerAnglesHint.y
      value: 0
      objectReference: {fileID: 0}
    - target: {fileID: 5624161486830567759, guid: 97acca5ae5f2f254a8de1ee6a912a99b,
        type: 3}
      propertyPath: m_LocalEulerAnglesHint.z
      value: 0
      objectReference: {fileID: 0}
    - target: {fileID: 6627486893399649353, guid: 97acca5ae5f2f254a8de1ee6a912a99b,
        type: 3}
      propertyPath: m_Name
      value: GroundFull 1
      objectReference: {fileID: 0}
    - target: {fileID: 6627486893399649353, guid: 97acca5ae5f2f254a8de1ee6a912a99b,
        type: 3}
      propertyPath: m_IsActive
      value: 1
      objectReference: {fileID: 0}
    m_RemovedComponents: []
  m_SourcePrefab: {fileID: 100100000, guid: 97acca5ae5f2f254a8de1ee6a912a99b, type: 3}
--- !u!4 &439943703548279235 stripped
Transform:
  m_CorrespondingSourceObject: {fileID: 5624161486830567759, guid: 97acca5ae5f2f254a8de1ee6a912a99b,
    type: 3}
  m_PrefabInstance: {fileID: 5194892709815531660}
  m_PrefabAsset: {fileID: 0}
--- !u!198 &1244416139132428327 stripped
ParticleSystem:
  m_CorrespondingSourceObject: {fileID: 6436482279271454891, guid: 97acca5ae5f2f254a8de1ee6a912a99b,
    type: 3}
  m_PrefabInstance: {fileID: 5194892709815531660}
  m_PrefabAsset: {fileID: 0}
--- !u!198 &3046609911292104778 stripped
ParticleSystem:
  m_CorrespondingSourceObject: {fileID: 7084246841034942662, guid: 97acca5ae5f2f254a8de1ee6a912a99b,
    type: 3}
  m_PrefabInstance: {fileID: 5194892709815531660}
  m_PrefabAsset: {fileID: 0}
--- !u!198 &3250967726652748888 stripped
ParticleSystem:
  m_CorrespondingSourceObject: {fileID: 7280691710134799572, guid: 97acca5ae5f2f254a8de1ee6a912a99b,
    type: 3}
  m_PrefabInstance: {fileID: 5194892709815531660}
  m_PrefabAsset: {fileID: 0}
--- !u!198 &3359720151658191462 stripped
ParticleSystem:
  m_CorrespondingSourceObject: {fileID: 7401640459348271850, guid: 97acca5ae5f2f254a8de1ee6a912a99b,
    type: 3}
  m_PrefabInstance: {fileID: 5194892709815531660}
  m_PrefabAsset: {fileID: 0}
--- !u!198 &3850217546544596910 stripped
ParticleSystem:
  m_CorrespondingSourceObject: {fileID: 9041344660401192738, guid: 97acca5ae5f2f254a8de1ee6a912a99b,
    type: 3}
  m_PrefabInstance: {fileID: 5194892709815531660}
  m_PrefabAsset: {fileID: 0}
--- !u!198 &3987929157850495263 stripped
ParticleSystem:
  m_CorrespondingSourceObject: {fileID: 9169345428453048723, guid: 97acca5ae5f2f254a8de1ee6a912a99b,
    type: 3}
  m_PrefabInstance: {fileID: 5194892709815531660}
  m_PrefabAsset: {fileID: 0}
--- !u!198 &4499532933952305296 stripped
ParticleSystem:
  m_CorrespondingSourceObject: {fileID: 8531640926944608284, guid: 97acca5ae5f2f254a8de1ee6a912a99b,
    type: 3}
  m_PrefabInstance: {fileID: 5194892709815531660}
  m_PrefabAsset: {fileID: 0}
--- !u!198 &5858494844788887505 stripped
ParticleSystem:
  m_CorrespondingSourceObject: {fileID: 1826906055713191773, guid: 97acca5ae5f2f254a8de1ee6a912a99b,
    type: 3}
  m_PrefabInstance: {fileID: 5194892709815531660}
  m_PrefabAsset: {fileID: 0}
--- !u!198 &8794721533289501923 stripped
ParticleSystem:
  m_CorrespondingSourceObject: {fileID: 3610435296910453871, guid: 97acca5ae5f2f254a8de1ee6a912a99b,
    type: 3}
  m_PrefabInstance: {fileID: 5194892709815531660}
  m_PrefabAsset: {fileID: 0}
--- !u!1001 &6548394064616054330
PrefabInstance:
  m_ObjectHideFlags: 0
  serializedVersion: 2
  m_Modification:
    m_TransformParent: {fileID: 3731200281114434881}
    m_Modifications:
    - target: {fileID: 5624161486830567759, guid: 97acca5ae5f2f254a8de1ee6a912a99b,
        type: 3}
      propertyPath: m_RootOrder
      value: 2
      objectReference: {fileID: 0}
    - target: {fileID: 5624161486830567759, guid: 97acca5ae5f2f254a8de1ee6a912a99b,
        type: 3}
      propertyPath: m_LocalPosition.x
      value: -4.4800043
      objectReference: {fileID: 0}
    - target: {fileID: 5624161486830567759, guid: 97acca5ae5f2f254a8de1ee6a912a99b,
        type: 3}
      propertyPath: m_LocalPosition.y
      value: -1.6000001
      objectReference: {fileID: 0}
    - target: {fileID: 5624161486830567759, guid: 97acca5ae5f2f254a8de1ee6a912a99b,
        type: 3}
      propertyPath: m_LocalPosition.z
      value: 680
      objectReference: {fileID: 0}
    - target: {fileID: 5624161486830567759, guid: 97acca5ae5f2f254a8de1ee6a912a99b,
        type: 3}
      propertyPath: m_LocalRotation.w
      value: 1
      objectReference: {fileID: 0}
    - target: {fileID: 5624161486830567759, guid: 97acca5ae5f2f254a8de1ee6a912a99b,
        type: 3}
      propertyPath: m_LocalRotation.x
      value: -0
      objectReference: {fileID: 0}
    - target: {fileID: 5624161486830567759, guid: 97acca5ae5f2f254a8de1ee6a912a99b,
        type: 3}
      propertyPath: m_LocalRotation.y
      value: -0
      objectReference: {fileID: 0}
    - target: {fileID: 5624161486830567759, guid: 97acca5ae5f2f254a8de1ee6a912a99b,
        type: 3}
      propertyPath: m_LocalRotation.z
      value: -0
      objectReference: {fileID: 0}
    - target: {fileID: 5624161486830567759, guid: 97acca5ae5f2f254a8de1ee6a912a99b,
        type: 3}
      propertyPath: m_LocalEulerAnglesHint.x
      value: 0
      objectReference: {fileID: 0}
    - target: {fileID: 5624161486830567759, guid: 97acca5ae5f2f254a8de1ee6a912a99b,
        type: 3}
      propertyPath: m_LocalEulerAnglesHint.y
      value: 0
      objectReference: {fileID: 0}
    - target: {fileID: 5624161486830567759, guid: 97acca5ae5f2f254a8de1ee6a912a99b,
        type: 3}
      propertyPath: m_LocalEulerAnglesHint.z
      value: 0
      objectReference: {fileID: 0}
    - target: {fileID: 6627486893399649353, guid: 97acca5ae5f2f254a8de1ee6a912a99b,
        type: 3}
      propertyPath: m_Name
      value: GroundFull 2
      objectReference: {fileID: 0}
    - target: {fileID: 6627486893399649353, guid: 97acca5ae5f2f254a8de1ee6a912a99b,
        type: 3}
      propertyPath: m_IsActive
      value: 1
      objectReference: {fileID: 0}
    m_RemovedComponents: []
  m_SourcePrefab: {fileID: 100100000, guid: 97acca5ae5f2f254a8de1ee6a912a99b, type: 3}
--- !u!198 &266393194850485905 stripped
ParticleSystem:
  m_CorrespondingSourceObject: {fileID: 6436482279271454891, guid: 97acca5ae5f2f254a8de1ee6a912a99b,
    type: 3}
  m_PrefabInstance: {fileID: 6548394064616054330}
  m_PrefabAsset: {fileID: 0}
--- !u!4 &1508029289160728437 stripped
Transform:
  m_CorrespondingSourceObject: {fileID: 5624161486830567759, guid: 97acca5ae5f2f254a8de1ee6a912a99b,
    type: 3}
  m_PrefabInstance: {fileID: 6548394064616054330}
  m_PrefabAsset: {fileID: 0}
--- !u!198 &2711341390196678569 stripped
ParticleSystem:
  m_CorrespondingSourceObject: {fileID: 9169345428453048723, guid: 97acca5ae5f2f254a8de1ee6a912a99b,
    type: 3}
  m_PrefabInstance: {fileID: 6548394064616054330}
  m_PrefabAsset: {fileID: 0}
--- !u!198 &2853556635704566040 stripped
ParticleSystem:
  m_CorrespondingSourceObject: {fileID: 9041344660401192738, guid: 97acca5ae5f2f254a8de1ee6a912a99b,
    type: 3}
  m_PrefabInstance: {fileID: 6548394064616054330}
  m_PrefabAsset: {fileID: 0}
--- !u!198 &3208510773340970534 stripped
ParticleSystem:
  m_CorrespondingSourceObject: {fileID: 8531640926944608284, guid: 97acca5ae5f2f254a8de1ee6a912a99b,
    type: 3}
  m_PrefabInstance: {fileID: 6548394064616054330}
  m_PrefabAsset: {fileID: 0}
--- !u!198 &4085008142858286844 stripped
ParticleSystem:
  m_CorrespondingSourceObject: {fileID: 7084246841034942662, guid: 97acca5ae5f2f254a8de1ee6a912a99b,
    type: 3}
  m_PrefabInstance: {fileID: 6548394064616054330}
  m_PrefabAsset: {fileID: 0}
--- !u!198 &4348077542090718416 stripped
ParticleSystem:
  m_CorrespondingSourceObject: {fileID: 7401640459348271850, guid: 97acca5ae5f2f254a8de1ee6a912a99b,
    type: 3}
  m_PrefabInstance: {fileID: 6548394064616054330}
  m_PrefabAsset: {fileID: 0}
--- !u!198 &4605677453317247726 stripped
ParticleSystem:
  m_CorrespondingSourceObject: {fileID: 7280691710134799572, guid: 97acca5ae5f2f254a8de1ee6a912a99b,
    type: 3}
  m_PrefabInstance: {fileID: 6548394064616054330}
  m_PrefabAsset: {fileID: 0}
--- !u!198 &4880469144219953511 stripped
ParticleSystem:
  m_CorrespondingSourceObject: {fileID: 1826906055713191773, guid: 97acca5ae5f2f254a8de1ee6a912a99b,
    type: 3}
  m_PrefabInstance: {fileID: 6548394064616054330}
  m_PrefabAsset: {fileID: 0}
--- !u!198 &7564435983762354773 stripped
ParticleSystem:
  m_CorrespondingSourceObject: {fileID: 3610435296910453871, guid: 97acca5ae5f2f254a8de1ee6a912a99b,
    type: 3}
  m_PrefabInstance: {fileID: 6548394064616054330}
  m_PrefabAsset: {fileID: 0}
--- !u!1001 &7191454074938107408
PrefabInstance:
  m_ObjectHideFlags: 0
  serializedVersion: 2
  m_Modification:
    m_TransformParent: {fileID: 3731200281114434881}
    m_Modifications:
    - target: {fileID: 2005428507143074099, guid: 97acca5ae5f2f254a8de1ee6a912a99b,
        type: 3}
      propertyPath: m_IsActive
      value: 1
      objectReference: {fileID: 0}
    - target: {fileID: 4680260753346828119, guid: 97acca5ae5f2f254a8de1ee6a912a99b,
        type: 3}
      propertyPath: m_LocalScale.x
      value: 11.773
      objectReference: {fileID: 0}
    - target: {fileID: 4680260753346828119, guid: 97acca5ae5f2f254a8de1ee6a912a99b,
        type: 3}
      propertyPath: m_LocalPosition.x
      value: -12.56008
      objectReference: {fileID: 0}
    - target: {fileID: 4680260753346828119, guid: 97acca5ae5f2f254a8de1ee6a912a99b,
        type: 3}
      propertyPath: m_LocalPosition.y
      value: -0.037732482
      objectReference: {fileID: 0}
    - target: {fileID: 4680260753346828119, guid: 97acca5ae5f2f254a8de1ee6a912a99b,
        type: 3}
      propertyPath: m_LocalPosition.z
      value: -0.15074463
      objectReference: {fileID: 0}
    - target: {fileID: 5624161486830567759, guid: 97acca5ae5f2f254a8de1ee6a912a99b,
        type: 3}
      propertyPath: m_RootOrder
      value: 0
      objectReference: {fileID: 0}
    - target: {fileID: 5624161486830567759, guid: 97acca5ae5f2f254a8de1ee6a912a99b,
        type: 3}
      propertyPath: m_LocalPosition.x
      value: -4.4800043
      objectReference: {fileID: 0}
    - target: {fileID: 5624161486830567759, guid: 97acca5ae5f2f254a8de1ee6a912a99b,
        type: 3}
      propertyPath: m_LocalPosition.y
      value: -1.6000001
      objectReference: {fileID: 0}
    - target: {fileID: 5624161486830567759, guid: 97acca5ae5f2f254a8de1ee6a912a99b,
        type: 3}
      propertyPath: m_LocalPosition.z
      value: 0
      objectReference: {fileID: 0}
    - target: {fileID: 5624161486830567759, guid: 97acca5ae5f2f254a8de1ee6a912a99b,
        type: 3}
      propertyPath: m_LocalRotation.w
      value: 1
      objectReference: {fileID: 0}
    - target: {fileID: 5624161486830567759, guid: 97acca5ae5f2f254a8de1ee6a912a99b,
        type: 3}
      propertyPath: m_LocalRotation.x
      value: -0
      objectReference: {fileID: 0}
    - target: {fileID: 5624161486830567759, guid: 97acca5ae5f2f254a8de1ee6a912a99b,
        type: 3}
      propertyPath: m_LocalRotation.y
      value: -0
      objectReference: {fileID: 0}
    - target: {fileID: 5624161486830567759, guid: 97acca5ae5f2f254a8de1ee6a912a99b,
        type: 3}
      propertyPath: m_LocalRotation.z
      value: -0
      objectReference: {fileID: 0}
    - target: {fileID: 5624161486830567759, guid: 97acca5ae5f2f254a8de1ee6a912a99b,
        type: 3}
      propertyPath: m_LocalEulerAnglesHint.x
      value: 0
      objectReference: {fileID: 0}
    - target: {fileID: 5624161486830567759, guid: 97acca5ae5f2f254a8de1ee6a912a99b,
        type: 3}
      propertyPath: m_LocalEulerAnglesHint.y
      value: 0
      objectReference: {fileID: 0}
    - target: {fileID: 5624161486830567759, guid: 97acca5ae5f2f254a8de1ee6a912a99b,
        type: 3}
      propertyPath: m_LocalEulerAnglesHint.z
      value: 0
      objectReference: {fileID: 0}
    - target: {fileID: 6275742784673422976, guid: 97acca5ae5f2f254a8de1ee6a912a99b,
        type: 3}
      propertyPath: m_LocalScale.x
      value: 11.773
      objectReference: {fileID: 0}
    - target: {fileID: 6627486893399649353, guid: 97acca5ae5f2f254a8de1ee6a912a99b,
        type: 3}
      propertyPath: m_Name
      value: GroundFull
      objectReference: {fileID: 0}
    - target: {fileID: 7416159248471761740, guid: 97acca5ae5f2f254a8de1ee6a912a99b,
        type: 3}
      propertyPath: m_RootOrder
      value: 4
      objectReference: {fileID: 0}
    m_RemovedComponents: []
  m_SourcePrefab: {fileID: 100100000, guid: 97acca5ae5f2f254a8de1ee6a912a99b, type: 3}
--- !u!198 &116356465981820630 stripped
ParticleSystem:
  m_CorrespondingSourceObject: {fileID: 7084246841034942662, guid: 97acca5ae5f2f254a8de1ee6a912a99b,
    type: 3}
  m_PrefabInstance: {fileID: 7191454074938107408}
  m_PrefabAsset: {fileID: 0}
--- !u!198 &394845247754224890 stripped
ParticleSystem:
  m_CorrespondingSourceObject: {fileID: 7401640459348271850, guid: 97acca5ae5f2f254a8de1ee6a912a99b,
    type: 3}
  m_PrefabInstance: {fileID: 7191454074938107408}
  m_PrefabAsset: {fileID: 0}
--- !u!198 &488389768083663556 stripped
ParticleSystem:
  m_CorrespondingSourceObject: {fileID: 7280691710134799572, guid: 97acca5ae5f2f254a8de1ee6a912a99b,
    type: 3}
  m_PrefabInstance: {fileID: 7191454074938107408}
  m_PrefabAsset: {fileID: 0}
--- !u!198 &1561437737231279628 stripped
ParticleSystem:
  m_CorrespondingSourceObject: {fileID: 8531640926944608284, guid: 97acca5ae5f2f254a8de1ee6a912a99b,
    type: 3}
  m_PrefabInstance: {fileID: 7191454074938107408}
  m_PrefabAsset: {fileID: 0}
--- !u!198 &2057338490398664579 stripped
ParticleSystem:
  m_CorrespondingSourceObject: {fileID: 9169345428453048723, guid: 97acca5ae5f2f254a8de1ee6a912a99b,
    type: 3}
  m_PrefabInstance: {fileID: 7191454074938107408}
  m_PrefabAsset: {fileID: 0}
--- !u!198 &2212501557976422706 stripped
ParticleSystem:
  m_CorrespondingSourceObject: {fileID: 9041344660401192738, guid: 97acca5ae5f2f254a8de1ee6a912a99b,
    type: 3}
  m_PrefabInstance: {fileID: 7191454074938107408}
  m_PrefabAsset: {fileID: 0}
--- !u!4 &3296675007580645215 stripped
Transform:
  m_CorrespondingSourceObject: {fileID: 5624161486830567759, guid: 97acca5ae5f2f254a8de1ee6a912a99b,
    type: 3}
  m_PrefabInstance: {fileID: 7191454074938107408}
  m_PrefabAsset: {fileID: 0}
--- !u!198 &4224332362100178619 stripped
ParticleSystem:
  m_CorrespondingSourceObject: {fileID: 6436482279271454891, guid: 97acca5ae5f2f254a8de1ee6a912a99b,
    type: 3}
  m_PrefabInstance: {fileID: 7191454074938107408}
  m_PrefabAsset: {fileID: 0}
--- !u!198 &5897457832765786751 stripped
ParticleSystem:
  m_CorrespondingSourceObject: {fileID: 3610435296910453871, guid: 97acca5ae5f2f254a8de1ee6a912a99b,
    type: 3}
  m_PrefabInstance: {fileID: 7191454074938107408}
  m_PrefabAsset: {fileID: 0}
--- !u!198 &8833621560803971405 stripped
ParticleSystem:
  m_CorrespondingSourceObject: {fileID: 1826906055713191773, guid: 97acca5ae5f2f254a8de1ee6a912a99b,
    type: 3}
  m_PrefabInstance: {fileID: 7191454074938107408}
  m_PrefabAsset: {fileID: 0}
