%YAML 1.1
%TAG !u! tag:unity3d.com,2011:
--- !u!1 &3081463546782216339
GameObject:
  m_ObjectHideFlags: 0
  m_CorrespondingSourceObject: {fileID: 0}
  m_PrefabInstance: {fileID: 0}
  m_PrefabAsset: {fileID: 0}
  serializedVersion: 6
  m_Component:
  - component: {fileID: 2416285002547636777}
  - component: {fileID: 1596391915186267532}
  - component: {fileID: 3585835849107591494}
  - component: {fileID: 2739005601216056768}
  m_Layer: 0
  m_Name: SM_fishGold_Glow
  m_TagString: Untagged
  m_Icon: {fileID: 0}
  m_NavMeshLayer: 0
  m_StaticEditorFlags: 0
  m_IsActive: 1
--- !u!4 &2416285002547636777
Transform:
  m_ObjectHideFlags: 0
  m_CorrespondingSourceObject: {fileID: 0}
  m_PrefabInstance: {fileID: 0}
  m_PrefabAsset: {fileID: 0}
  m_GameObject: {fileID: 3081463546782216339}
  m_LocalRotation: {x: 0, y: -0.9964364, z: 0, w: 0.08434753}
  m_LocalPosition: {x: 1.72, y: 0, z: 1.7173017}
  m_LocalScale: {x: 1.1061, y: 1.1061, z: 1.1061}
  m_ConstrainProportionsScale: 0
  m_Children:
  - {fileID: 1134684115467181842}
  m_Father: {fileID: 0}
  m_RootOrder: 0
  m_LocalEulerAnglesHint: {x: 0, y: -170.323, z: 0}
--- !u!33 &1596391915186267532
MeshFilter:
  m_ObjectHideFlags: 0
  m_CorrespondingSourceObject: {fileID: 0}
  m_PrefabInstance: {fileID: 0}
  m_PrefabAsset: {fileID: 0}
  m_GameObject: {fileID: 3081463546782216339}
  m_Mesh: {fileID: -5216581434543980006, guid: 5a9ae3f4dcea9ff4cb5ed7573847d12b, type: 3}
--- !u!23 &3585835849107591494
MeshRenderer:
  m_ObjectHideFlags: 0
  m_CorrespondingSourceObject: {fileID: 0}
  m_PrefabInstance: {fileID: 0}
  m_PrefabAsset: {fileID: 0}
  m_GameObject: {fileID: 3081463546782216339}
  m_Enabled: 1
  m_CastShadows: 1
  m_ReceiveShadows: 1
  m_DynamicOccludee: 1
  m_StaticShadowCaster: 0
  m_MotionVectors: 1
  m_LightProbeUsage: 1
  m_ReflectionProbeUsage: 1
  m_RayTracingMode: 2
  m_RayTraceProcedural: 0
  m_RenderingLayerMask: 1
  m_RendererPriority: 0
  m_Materials:
  - {fileID: 2100000, guid: 0e85ac2c2afe984478c6f0394f876e07, type: 2}
  m_StaticBatchInfo:
    firstSubMesh: 0
    subMeshCount: 0
  m_StaticBatchRoot: {fileID: 0}
  m_ProbeAnchor: {fileID: 0}
  m_LightProbeVolumeOverride: {fileID: 0}
  m_ScaleInLightmap: 1
  m_ReceiveGI: 1
  m_PreserveUVs: 0
  m_IgnoreNormalsForChartDetection: 0
  m_ImportantGI: 0
  m_StitchLightmapSeams: 1
  m_SelectedEditorRenderState: 3
  m_MinimumChartSize: 4
  m_AutoUVMaxDistance: 0.5
  m_AutoUVMaxAngle: 89
  m_LightmapParameters: {fileID: 0}
  m_SortingLayerID: 0
  m_SortingLayer: 0
  m_SortingOrder: 0
  m_AdditionalVertexStreams: {fileID: 0}
--- !u!108 &2739005601216056768
Light:
  m_ObjectHideFlags: 0
  m_CorrespondingSourceObject: {fileID: 0}
  m_PrefabInstance: {fileID: 0}
  m_PrefabAsset: {fileID: 0}
  m_GameObject: {fileID: 3081463546782216339}
  m_Enabled: 0
  serializedVersion: 10
  m_Type: 2
  m_Shape: 0
  m_Color: {r: 1, g: 1, b: 1, a: 1}
  m_Intensity: 1
  m_Range: 10
  m_SpotAngle: 30
  m_InnerSpotAngle: 21.80208
  m_CookieSize: 10
  m_Shadows:
    m_Type: 0
    m_Resolution: -1
    m_CustomResolution: -1
    m_Strength: 1
    m_Bias: 0.05
    m_NormalBias: 0.4
    m_NearPlane: 0.2
    m_CullingMatrixOverride:
      e00: 1
      e01: 0
      e02: 0
      e03: 0
      e10: 0
      e11: 1
      e12: 0
      e13: 0
      e20: 0
      e21: 0
      e22: 1
      e23: 0
      e30: 0
      e31: 0
      e32: 0
      e33: 1
    m_UseCullingMatrixOverride: 0
  m_Cookie: {fileID: 0}
  m_DrawHalo: 0
  m_Flare: {fileID: 0}
  m_RenderMode: 0
  m_CullingMask:
    serializedVersion: 2
    m_Bits: 4294967295
  m_RenderingLayerMask: 1
  m_Lightmapping: 4
  m_LightShadowCasterMode: 0
  m_AreaSize: {x: 1, y: 1}
  m_BounceIntensity: 1
  m_ColorTemperature: 6570
  m_UseColorTemperature: 0
  m_BoundingSphereOverride: {x: 0, y: 0, z: 0, w: 0}
  m_UseBoundingSphereOverride: 0
  m_UseViewFrustumForShadowCasterCull: 1
  m_ShadowRadius: 0
  m_ShadowAngle: 0
--- !u!1001 &7714717996788323058
PrefabInstance:
  m_ObjectHideFlags: 0
  serializedVersion: 2
  m_Modification:
    m_TransformParent: {fileID: 2416285002547636777}
    m_Modifications:
    - target: {fileID: 7255046198964424160, guid: 69674b21ae4b9c84dbca9fc3b32d8d98,
        type: 3}
      propertyPath: m_RootOrder
      value: 0
      objectReference: {fileID: 0}
    - target: {fileID: 7255046198964424160, guid: 69674b21ae4b9c84dbca9fc3b32d8d98,
        type: 3}
      propertyPath: m_LocalScale.x
      value: 0.5743307
      objectReference: {fileID: 0}
    - target: {fileID: 7255046198964424160, guid: 69674b21ae4b9c84dbca9fc3b32d8d98,
        type: 3}
      propertyPath: m_LocalScale.y
      value: 0.5743307
      objectReference: {fileID: 0}
    - target: {fileID: 7255046198964424160, guid: 69674b21ae4b9c84dbca9fc3b32d8d98,
        type: 3}
      propertyPath: m_LocalScale.z
      value: 0.5743307
      objectReference: {fileID: 0}
    - target: {fileID: 7255046198964424160, guid: 69674b21ae4b9c84dbca9fc3b32d8d98,
        type: 3}
      propertyPath: m_LocalPosition.x
      value: 0.01
      objectReference: {fileID: 0}
    - target: {fileID: 7255046198964424160, guid: 69674b21ae4b9c84dbca9fc3b32d8d98,
        type: 3}
      propertyPath: m_LocalPosition.y
      value: 0.03
      objectReference: {fileID: 0}
    - target: {fileID: 7255046198964424160, guid: 69674b21ae4b9c84dbca9fc3b32d8d98,
        type: 3}
      propertyPath: m_LocalPosition.z
      value: -0.02
      objectReference: {fileID: 0}
    - target: {fileID: 7255046198964424160, guid: 69674b21ae4b9c84dbca9fc3b32d8d98,
        type: 3}
      propertyPath: m_LocalRotation.w
      value: 0.658919
      objectReference: {fileID: 0}
    - target: {fileID: 7255046198964424160, guid: 69674b21ae4b9c84dbca9fc3b32d8d98,
        type: 3}
      propertyPath: m_LocalRotation.x
      value: -0
      objectReference: {fileID: 0}
    - target: {fileID: 7255046198964424160, guid: 69674b21ae4b9c84dbca9fc3b32d8d98,
        type: 3}
      propertyPath: m_LocalRotation.y
      value: -0.75221395
      objectReference: {fileID: 0}
    - target: {fileID: 7255046198964424160, guid: 69674b21ae4b9c84dbca9fc3b32d8d98,
        type: 3}
      propertyPath: m_LocalRotation.z
      value: -0
      objectReference: {fileID: 0}
    - target: {fileID: 7255046198964424160, guid: 69674b21ae4b9c84dbca9fc3b32d8d98,
        type: 3}
      propertyPath: m_LocalEulerAnglesHint.x
      value: 0
      objectReference: {fileID: 0}
    - target: {fileID: 7255046198964424160, guid: 69674b21ae4b9c84dbca9fc3b32d8d98,
        type: 3}
      propertyPath: m_LocalEulerAnglesHint.y
      value: -97.565
      objectReference: {fileID: 0}
    - target: {fileID: 7255046198964424160, guid: 69674b21ae4b9c84dbca9fc3b32d8d98,
        type: 3}
      propertyPath: m_LocalEulerAnglesHint.z
      value: 0
      objectReference: {fileID: 0}
    - target: {fileID: 7255046198964649984, guid: 69674b21ae4b9c84dbca9fc3b32d8d98,
        type: 3}
      propertyPath: m_Name
      value: PowerupGlow1 (1)
      objectReference: {fileID: 0}
    - target: {fileID: 7255046198982373092, guid: 69674b21ae4b9c84dbca9fc3b32d8d98,
        type: 3}
      propertyPath: m_SortMode
      value: 1
      objectReference: {fileID: 0}
    - target: {fileID: 7255046198983795316, guid: 69674b21ae4b9c84dbca9fc3b32d8d98,
        type: 3}
      propertyPath: playOnAwake
      value: 1
      objectReference: {fileID: 0}
    - target: {fileID: 7255046198983795316, guid: 69674b21ae4b9c84dbca9fc3b32d8d98,
        type: 3}
      propertyPath: ShapeModule.type
      value: 6
      objectReference: {fileID: 0}
    - target: {fileID: 7255046198983795316, guid: 69674b21ae4b9c84dbca9fc3b32d8d98,
        type: 3}
      propertyPath: ShapeModule.angle
      value: 1
      objectReference: {fileID: 0}
    - target: {fileID: 7255046198983795316, guid: 69674b21ae4b9c84dbca9fc3b32d8d98,
        type: 3}
      propertyPath: RotationModule.enabled
      value: 0
      objectReference: {fileID: 0}
    - target: {fileID: 7255046198983795316, guid: 69674b21ae4b9c84dbca9fc3b32d8d98,
        type: 3}
      propertyPath: ShapeModule.radiusThickness
      value: 1
      objectReference: {fileID: 0}
    - target: {fileID: 7255046198983795316, guid: 69674b21ae4b9c84dbca9fc3b32d8d98,
        type: 3}
      propertyPath: EmissionModule.rateOverTime.scalar
      value: 2
      objectReference: {fileID: 0}
    - target: {fileID: 7255046198983795316, guid: 69674b21ae4b9c84dbca9fc3b32d8d98,
        type: 3}
      propertyPath: EmissionModule.rateOverDistance.scalar
      value: 2
      objectReference: {fileID: 0}
    - target: {fileID: 7255046198983795316, guid: 69674b21ae4b9c84dbca9fc3b32d8d98,
        type: 3}
      propertyPath: SizeModule.curve.maxCurve.m_Curve.Array.data[1].time
      value: 0.40380463
      objectReference: {fileID: 0}
    - target: {fileID: 7255046198983795316, guid: 69674b21ae4b9c84dbca9fc3b32d8d98,
        type: 3}
      propertyPath: SizeModule.curve.maxCurve.m_Curve.Array.data[2].time
      value: 0.9942627
      objectReference: {fileID: 0}
    - target: {fileID: 7255046198983795316, guid: 69674b21ae4b9c84dbca9fc3b32d8d98,
        type: 3}
      propertyPath: SizeModule.curve.maxCurve.m_Curve.Array.data[1].value
      value: 0.7335448
      objectReference: {fileID: 0}
    - target: {fileID: 7255046198983795316, guid: 69674b21ae4b9c84dbca9fc3b32d8d98,
        type: 3}
      propertyPath: SizeModule.curve.maxCurve.m_Curve.Array.data[0].inSlope
      value: 1.5506736
      objectReference: {fileID: 0}
    - target: {fileID: 7255046198983795316, guid: 69674b21ae4b9c84dbca9fc3b32d8d98,
        type: 3}
      propertyPath: SizeModule.curve.maxCurve.m_Curve.Array.data[1].inSlope
      value: 1.0009711
      objectReference: {fileID: 0}
    - target: {fileID: 7255046198983795316, guid: 69674b21ae4b9c84dbca9fc3b32d8d98,
        type: 3}
      propertyPath: SizeModule.curve.maxCurve.m_Curve.Array.data[2].inSlope
      value: 0.4512686
      objectReference: {fileID: 0}
    - target: {fileID: 7255046198983795316, guid: 69674b21ae4b9c84dbca9fc3b32d8d98,
        type: 3}
      propertyPath: SizeModule.curve.maxCurve.m_Curve.Array.data[0].outSlope
      value: 1.5506736
      objectReference: {fileID: 0}
    - target: {fileID: 7255046198983795316, guid: 69674b21ae4b9c84dbca9fc3b32d8d98,
        type: 3}
      propertyPath: SizeModule.curve.maxCurve.m_Curve.Array.data[1].outSlope
      value: 1.0009711
      objectReference: {fileID: 0}
    - target: {fileID: 7255046198983795316, guid: 69674b21ae4b9c84dbca9fc3b32d8d98,
        type: 3}
      propertyPath: SizeModule.curve.maxCurve.m_Curve.Array.data[2].outSlope
      value: 0.4512686
      objectReference: {fileID: 0}
    m_RemovedComponents: []
  m_SourcePrefab: {fileID: 100100000, guid: 69674b21ae4b9c84dbca9fc3b32d8d98, type: 3}
--- !u!4 &1134684115467181842 stripped
Transform:
  m_CorrespondingSourceObject: {fileID: 7255046198964424160, guid: 69674b21ae4b9c84dbca9fc3b32d8d98,
    type: 3}
  m_PrefabInstance: {fileID: 7714717996788323058}
  m_PrefabAsset: {fileID: 0}
