%YAML 1.1
%TAG !u! tag:unity3d.com,2011:
--- !u!1 &3787509650721793266
GameObject:
  m_ObjectHideFlags: 0
  m_CorrespondingSourceObject: {fileID: 0}
  m_PrefabInstance: {fileID: 0}
  m_PrefabAsset: {fileID: 0}
  serializedVersion: 6
  m_Component:
  - component: {fileID: 4594867172518575688}
  - component: {fileID: 606830139872752109}
  - component: {fileID: 3426979307229889831}
  m_Layer: 0
  m_Name: SM_Gate
  m_TagString: Untagged
  m_Icon: {fileID: 0}
  m_NavMeshLayer: 0
  m_StaticEditorFlags: 0
  m_IsActive: 1
--- !u!4 &4594867172518575688
Transform:
  m_ObjectHideFlags: 0
  m_CorrespondingSourceObject: {fileID: 0}
  m_PrefabInstance: {fileID: 0}
  m_PrefabAsset: {fileID: 0}
  m_GameObject: {fileID: 3787509650721793266}
  m_LocalRotation: {x: -0, y: -0, z: -0, w: 1}
  m_LocalPosition: {x: -0.16068617, y: -0.51931095, z: 10.649794}
  m_LocalScale: {x: 1.1819037, y: 1.1819037, z: 1.1819037}
  m_ConstrainProportionsScale: 1
  m_Children:
  - {fileID: 6309320169705645150}
  - {fileID: 8295411607313357756}
  - {fileID: 8295411606018133924}
  - {fileID: 8295411606706199562}
  m_Father: {fileID: 0}
  m_RootOrder: 0
  m_LocalEulerAnglesHint: {x: 0, y: 0, z: 0}
--- !u!33 &606830139872752109
MeshFilter:
  m_ObjectHideFlags: 0
  m_CorrespondingSourceObject: {fileID: 0}
  m_PrefabInstance: {fileID: 0}
  m_PrefabAsset: {fileID: 0}
  m_GameObject: {fileID: 3787509650721793266}
  m_Mesh: {fileID: 7798212751663453093, guid: ec2ce452f4bab574e889d9c52caa9a5e, type: 3}
--- !u!23 &3426979307229889831
MeshRenderer:
  m_ObjectHideFlags: 0
  m_CorrespondingSourceObject: {fileID: 0}
  m_PrefabInstance: {fileID: 0}
  m_PrefabAsset: {fileID: 0}
  m_GameObject: {fileID: 3787509650721793266}
  m_Enabled: 1
  m_CastShadows: 0
  m_ReceiveShadows: 1
  m_DynamicOccludee: 1
  m_StaticShadowCaster: 0
  m_MotionVectors: 1
  m_LightProbeUsage: 1
  m_ReflectionProbeUsage: 1
  m_RayTracingMode: 2
  m_RayTraceProcedural: 0
  m_RenderingLayerMask: 1
  m_RendererPriority: 0
  m_Materials:
  - {fileID: 2100000, guid: cc2a6b3b003d94a48a1e249f2f1a961b, type: 2}
  - {fileID: 2100000, guid: cf44bff508e472b49a53b00d98946650, type: 2}
  m_StaticBatchInfo:
    firstSubMesh: 0
    subMeshCount: 0
  m_StaticBatchRoot: {fileID: 0}
  m_ProbeAnchor: {fileID: 0}
  m_LightProbeVolumeOverride: {fileID: 0}
  m_ScaleInLightmap: 1
  m_ReceiveGI: 1
  m_PreserveUVs: 0
  m_IgnoreNormalsForChartDetection: 0
  m_ImportantGI: 0
  m_StitchLightmapSeams: 1
  m_SelectedEditorRenderState: 3
  m_MinimumChartSize: 4
  m_AutoUVMaxDistance: 0.5
  m_AutoUVMaxAngle: 89
  m_LightmapParameters: {fileID: 0}
  m_SortingLayerID: 0
  m_SortingLayer: 0
  m_SortingOrder: 0
  m_AdditionalVertexStreams: {fileID: 0}
--- !u!1001 &4057327803921310271
PrefabInstance:
  m_ObjectHideFlags: 0
  serializedVersion: 2
  m_Modification:
    m_TransformParent: {fileID: 4594867172518575688}
    m_Modifications:
    - target: {fileID: 8052914834596956613, guid: 0be6832dc14654240a27a6cbff8c732f,
        type: 3}
      propertyPath: EmissionModule.rateOverTime.scalar
      value: 5
      objectReference: {fileID: 0}
    - target: {fileID: 8052914834597068191, guid: 0be6832dc14654240a27a6cbff8c732f,
        type: 3}
      propertyPath: InitialModule.startSizeY.minMaxState
      value: 3
      objectReference: {fileID: 0}
    - target: {fileID: 8052914834597068191, guid: 0be6832dc14654240a27a6cbff8c732f,
        type: 3}
      propertyPath: InitialModule.startSizeZ.minMaxState
      value: 3
      objectReference: {fileID: 0}
    - target: {fileID: 8052914834612192865, guid: 0be6832dc14654240a27a6cbff8c732f,
        type: 3}
      propertyPath: m_RootOrder
      value: 0
      objectReference: {fileID: 0}
    - target: {fileID: 8052914834612192865, guid: 0be6832dc14654240a27a6cbff8c732f,
        type: 3}
      propertyPath: m_LocalScale.x
      value: 1.1986471
      objectReference: {fileID: 0}
    - target: {fileID: 8052914834612192865, guid: 0be6832dc14654240a27a6cbff8c732f,
        type: 3}
      propertyPath: m_LocalScale.y
      value: 1.1986471
      objectReference: {fileID: 0}
    - target: {fileID: 8052914834612192865, guid: 0be6832dc14654240a27a6cbff8c732f,
        type: 3}
      propertyPath: m_LocalScale.z
      value: 1.1986471
      objectReference: {fileID: 0}
    - target: {fileID: 8052914834612192865, guid: 0be6832dc14654240a27a6cbff8c732f,
        type: 3}
      propertyPath: m_LocalPosition.x
      value: -0.04223999
      objectReference: {fileID: 0}
    - target: {fileID: 8052914834612192865, guid: 0be6832dc14654240a27a6cbff8c732f,
        type: 3}
      propertyPath: m_LocalPosition.y
      value: 1.3067645
      objectReference: {fileID: 0}
    - target: {fileID: 8052914834612192865, guid: 0be6832dc14654240a27a6cbff8c732f,
        type: 3}
      propertyPath: m_LocalPosition.z
      value: -0.2886399
      objectReference: {fileID: 0}
    - target: {fileID: 8052914834612192865, guid: 0be6832dc14654240a27a6cbff8c732f,
        type: 3}
      propertyPath: m_LocalRotation.w
      value: 0.7071068
      objectReference: {fileID: 0}
    - target: {fileID: 8052914834612192865, guid: 0be6832dc14654240a27a6cbff8c732f,
        type: 3}
      propertyPath: m_LocalRotation.x
      value: -0.7071068
      objectReference: {fileID: 0}
    - target: {fileID: 8052914834612192865, guid: 0be6832dc14654240a27a6cbff8c732f,
        type: 3}
      propertyPath: m_LocalRotation.y
      value: -0
      objectReference: {fileID: 0}
    - target: {fileID: 8052914834612192865, guid: 0be6832dc14654240a27a6cbff8c732f,
        type: 3}
      propertyPath: m_LocalRotation.z
      value: -0
      objectReference: {fileID: 0}
    - target: {fileID: 8052914834612192865, guid: 0be6832dc14654240a27a6cbff8c732f,
        type: 3}
      propertyPath: m_LocalEulerAnglesHint.x
      value: -90
      objectReference: {fileID: 0}
    - target: {fileID: 8052914834612192865, guid: 0be6832dc14654240a27a6cbff8c732f,
        type: 3}
      propertyPath: m_LocalEulerAnglesHint.y
      value: 0
      objectReference: {fileID: 0}
    - target: {fileID: 8052914834612192865, guid: 0be6832dc14654240a27a6cbff8c732f,
        type: 3}
      propertyPath: m_LocalEulerAnglesHint.z
      value: 0
      objectReference: {fileID: 0}
    - target: {fileID: 8052914834612230589, guid: 0be6832dc14654240a27a6cbff8c732f,
        type: 3}
      propertyPath: m_LocalPosition.x
      value: 0.02
      objectReference: {fileID: 0}
    - target: {fileID: 8052914834612437581, guid: 0be6832dc14654240a27a6cbff8c732f,
        type: 3}
      propertyPath: m_Name
      value: BaoPortalFixVFX
      objectReference: {fileID: 0}
    - target: {fileID: 8052914834612455629, guid: 0be6832dc14654240a27a6cbff8c732f,
        type: 3}
      propertyPath: m_IsActive
      value: 1
      objectReference: {fileID: 0}
    m_RemovedComponents: []
  m_SourcePrefab: {fileID: 100100000, guid: 0be6832dc14654240a27a6cbff8c732f, type: 3}
--- !u!4 &6309320169705645150 stripped
Transform:
  m_CorrespondingSourceObject: {fileID: 8052914834612192865, guid: 0be6832dc14654240a27a6cbff8c732f,
    type: 3}
  m_PrefabInstance: {fileID: 4057327803921310271}
  m_PrefabAsset: {fileID: 0}
--- !u!1001 &4057327804184793348
PrefabInstance:
  m_ObjectHideFlags: 0
  serializedVersion: 2
  m_Modification:
    m_TransformParent: {fileID: 4594867172518575688}
    m_Modifications:
    - target: {fileID: 5427328773683660614, guid: e3f37f70b5ff3da49bd9a7645218597c,
        type: 3}
      propertyPath: m_Mesh
      value: 
      objectReference: {fileID: 10202, guid: 0000000000000000e000000000000000, type: 0}
    - target: {fileID: 5427328773683660614, guid: e3f37f70b5ff3da49bd9a7645218597c,
        type: 3}
      propertyPath: m_SortMode
      value: 2
      objectReference: {fileID: 0}
    - target: {fileID: 5427328773683660614, guid: e3f37f70b5ff3da49bd9a7645218597c,
        type: 3}
      propertyPath: m_RenderMode
      value: 1
      objectReference: {fileID: 0}
    - target: {fileID: 5427328773683660614, guid: e3f37f70b5ff3da49bd9a7645218597c,
        type: 3}
      propertyPath: m_LengthScale
      value: -3.74
      objectReference: {fileID: 0}
    - target: {fileID: 5427328773683660614, guid: e3f37f70b5ff3da49bd9a7645218597c,
        type: 3}
      propertyPath: m_SortingFudge
      value: 13.34
      objectReference: {fileID: 0}
    - target: {fileID: 5427328773683660614, guid: e3f37f70b5ff3da49bd9a7645218597c,
        type: 3}
      propertyPath: m_MaxParticleSize
      value: 21.11
      objectReference: {fileID: 0}
    - target: {fileID: 5427328773684245724, guid: e3f37f70b5ff3da49bd9a7645218597c,
        type: 3}
      propertyPath: ShapeModule.type
      value: 4
      objectReference: {fileID: 0}
    - target: {fileID: 5427328773684245724, guid: e3f37f70b5ff3da49bd9a7645218597c,
        type: 3}
      propertyPath: ShapeModule.angle
      value: 9.09
      objectReference: {fileID: 0}
    - target: {fileID: 5427328773684245724, guid: e3f37f70b5ff3da49bd9a7645218597c,
        type: 3}
      propertyPath: ShapeModule.arc.value
      value: 356.82
      objectReference: {fileID: 0}
    - target: {fileID: 5427328773684245724, guid: e3f37f70b5ff3da49bd9a7645218597c,
        type: 3}
      propertyPath: ShapeModule.arc.spread
      value: 0
      objectReference: {fileID: 0}
    - target: {fileID: 5427328773684245724, guid: e3f37f70b5ff3da49bd9a7645218597c,
        type: 3}
      propertyPath: ShapeModule.radius.value
      value: 0.0001
      objectReference: {fileID: 0}
    - target: {fileID: 5427328773684245724, guid: e3f37f70b5ff3da49bd9a7645218597c,
        type: 3}
      propertyPath: ShapeModule.radiusThickness
      value: 1
      objectReference: {fileID: 0}
    - target: {fileID: 5427328773684245724, guid: e3f37f70b5ff3da49bd9a7645218597c,
        type: 3}
      propertyPath: EmissionModule.rateOverTime.scalar
      value: 8
      objectReference: {fileID: 0}
    - target: {fileID: 5427328773699231546, guid: e3f37f70b5ff3da49bd9a7645218597c,
        type: 3}
      propertyPath: m_Name
      value: BaoGodrayVFX (2)
      objectReference: {fileID: 0}
    - target: {fileID: 5427328773699477152, guid: e3f37f70b5ff3da49bd9a7645218597c,
        type: 3}
      propertyPath: m_RootOrder
      value: 2
      objectReference: {fileID: 0}
    - target: {fileID: 5427328773699477152, guid: e3f37f70b5ff3da49bd9a7645218597c,
        type: 3}
      propertyPath: m_LocalScale.x
      value: 1.2388159
      objectReference: {fileID: 0}
    - target: {fileID: 5427328773699477152, guid: e3f37f70b5ff3da49bd9a7645218597c,
        type: 3}
      propertyPath: m_LocalScale.y
      value: 0.04984683
      objectReference: {fileID: 0}
    - target: {fileID: 5427328773699477152, guid: e3f37f70b5ff3da49bd9a7645218597c,
        type: 3}
      propertyPath: m_LocalScale.z
      value: 0.15952076
      objectReference: {fileID: 0}
    - target: {fileID: 5427328773699477152, guid: e3f37f70b5ff3da49bd9a7645218597c,
        type: 3}
      propertyPath: m_LocalPosition.x
      value: 0.38015994
      objectReference: {fileID: 0}
    - target: {fileID: 5427328773699477152, guid: e3f37f70b5ff3da49bd9a7645218597c,
        type: 3}
      propertyPath: m_LocalPosition.y
      value: 1.3023996
      objectReference: {fileID: 0}
    - target: {fileID: 5427328773699477152, guid: e3f37f70b5ff3da49bd9a7645218597c,
        type: 3}
      propertyPath: m_LocalPosition.z
      value: -0.1056002
      objectReference: {fileID: 0}
    - target: {fileID: 5427328773699477152, guid: e3f37f70b5ff3da49bd9a7645218597c,
        type: 3}
      propertyPath: m_LocalRotation.w
      value: 0.4337535
      objectReference: {fileID: 0}
    - target: {fileID: 5427328773699477152, guid: e3f37f70b5ff3da49bd9a7645218597c,
        type: 3}
      propertyPath: m_LocalRotation.x
      value: -0.5514084
      objectReference: {fileID: 0}
    - target: {fileID: 5427328773699477152, guid: e3f37f70b5ff3da49bd9a7645218597c,
        type: 3}
      propertyPath: m_LocalRotation.y
      value: 0.5584423
      objectReference: {fileID: 0}
    - target: {fileID: 5427328773699477152, guid: e3f37f70b5ff3da49bd9a7645218597c,
        type: 3}
      propertyPath: m_LocalRotation.z
      value: -0.44266123
      objectReference: {fileID: 0}
    - target: {fileID: 5427328773699477152, guid: e3f37f70b5ff3da49bd9a7645218597c,
        type: 3}
      propertyPath: m_LocalEulerAnglesHint.x
      value: 0.92
      objectReference: {fileID: 0}
    - target: {fileID: 5427328773699477152, guid: e3f37f70b5ff3da49bd9a7645218597c,
        type: 3}
      propertyPath: m_LocalEulerAnglesHint.y
      value: 103.406
      objectReference: {fileID: 0}
    - target: {fileID: 5427328773699477152, guid: e3f37f70b5ff3da49bd9a7645218597c,
        type: 3}
      propertyPath: m_LocalEulerAnglesHint.z
      value: -90
      objectReference: {fileID: 0}
    m_RemovedComponents: []
  m_SourcePrefab: {fileID: 100100000, guid: e3f37f70b5ff3da49bd9a7645218597c, type: 3}
--- !u!4 &8295411606018133924 stripped
Transform:
  m_CorrespondingSourceObject: {fileID: 5427328773699477152, guid: e3f37f70b5ff3da49bd9a7645218597c,
    type: 3}
  m_PrefabInstance: {fileID: 4057327804184793348}
  m_PrefabAsset: {fileID: 0}
--- !u!1001 &4057327804894512412
PrefabInstance:
  m_ObjectHideFlags: 0
  serializedVersion: 2
  m_Modification:
    m_TransformParent: {fileID: 4594867172518575688}
    m_Modifications:
    - target: {fileID: 5427328773683660614, guid: e3f37f70b5ff3da49bd9a7645218597c,
        type: 3}
      propertyPath: m_Mesh
      value: 
      objectReference: {fileID: 10202, guid: 0000000000000000e000000000000000, type: 0}
    - target: {fileID: 5427328773683660614, guid: e3f37f70b5ff3da49bd9a7645218597c,
        type: 3}
      propertyPath: m_SortMode
      value: 2
      objectReference: {fileID: 0}
    - target: {fileID: 5427328773683660614, guid: e3f37f70b5ff3da49bd9a7645218597c,
        type: 3}
      propertyPath: m_RenderMode
      value: 1
      objectReference: {fileID: 0}
    - target: {fileID: 5427328773683660614, guid: e3f37f70b5ff3da49bd9a7645218597c,
        type: 3}
      propertyPath: m_LengthScale
      value: -3.74
      objectReference: {fileID: 0}
    - target: {fileID: 5427328773683660614, guid: e3f37f70b5ff3da49bd9a7645218597c,
        type: 3}
      propertyPath: m_SortingFudge
      value: 13.34
      objectReference: {fileID: 0}
    - target: {fileID: 5427328773683660614, guid: e3f37f70b5ff3da49bd9a7645218597c,
        type: 3}
      propertyPath: m_MaxParticleSize
      value: 21.11
      objectReference: {fileID: 0}
    - target: {fileID: 5427328773684245724, guid: e3f37f70b5ff3da49bd9a7645218597c,
        type: 3}
      propertyPath: ShapeModule.type
      value: 4
      objectReference: {fileID: 0}
    - target: {fileID: 5427328773684245724, guid: e3f37f70b5ff3da49bd9a7645218597c,
        type: 3}
      propertyPath: ShapeModule.angle
      value: 9.09
      objectReference: {fileID: 0}
    - target: {fileID: 5427328773684245724, guid: e3f37f70b5ff3da49bd9a7645218597c,
        type: 3}
      propertyPath: ShapeModule.arc.value
      value: 356.82
      objectReference: {fileID: 0}
    - target: {fileID: 5427328773684245724, guid: e3f37f70b5ff3da49bd9a7645218597c,
        type: 3}
      propertyPath: ShapeModule.arc.spread
      value: 0
      objectReference: {fileID: 0}
    - target: {fileID: 5427328773684245724, guid: e3f37f70b5ff3da49bd9a7645218597c,
        type: 3}
      propertyPath: ShapeModule.radius.value
      value: 0.0001
      objectReference: {fileID: 0}
    - target: {fileID: 5427328773684245724, guid: e3f37f70b5ff3da49bd9a7645218597c,
        type: 3}
      propertyPath: ShapeModule.radiusThickness
      value: 1
      objectReference: {fileID: 0}
    - target: {fileID: 5427328773684245724, guid: e3f37f70b5ff3da49bd9a7645218597c,
        type: 3}
      propertyPath: EmissionModule.rateOverTime.scalar
      value: 8
      objectReference: {fileID: 0}
    - target: {fileID: 5427328773699231546, guid: e3f37f70b5ff3da49bd9a7645218597c,
        type: 3}
      propertyPath: m_Name
      value: BaoGodrayVFX (1)
      objectReference: {fileID: 0}
    - target: {fileID: 5427328773699477152, guid: e3f37f70b5ff3da49bd9a7645218597c,
        type: 3}
      propertyPath: m_RootOrder
      value: 1
      objectReference: {fileID: 0}
    - target: {fileID: 5427328773699477152, guid: e3f37f70b5ff3da49bd9a7645218597c,
        type: 3}
      propertyPath: m_LocalScale.x
      value: 1.2595054
      objectReference: {fileID: 0}
    - target: {fileID: 5427328773699477152, guid: e3f37f70b5ff3da49bd9a7645218597c,
        type: 3}
      propertyPath: m_LocalScale.y
      value: 0.0104887225
      objectReference: {fileID: 0}
    - target: {fileID: 5427328773699477152, guid: e3f37f70b5ff3da49bd9a7645218597c,
        type: 3}
      propertyPath: m_LocalScale.z
      value: 0.25370294
      objectReference: {fileID: 0}
    - target: {fileID: 5427328773699477152, guid: e3f37f70b5ff3da49bd9a7645218597c,
        type: 3}
      propertyPath: m_LocalPosition.x
      value: -0.45759976
      objectReference: {fileID: 0}
    - target: {fileID: 5427328773699477152, guid: e3f37f70b5ff3da49bd9a7645218597c,
        type: 3}
      propertyPath: m_LocalPosition.y
      value: 1.2266493
      objectReference: {fileID: 0}
    - target: {fileID: 5427328773699477152, guid: e3f37f70b5ff3da49bd9a7645218597c,
        type: 3}
      propertyPath: m_LocalPosition.z
      value: 0.070400134
      objectReference: {fileID: 0}
    - target: {fileID: 5427328773699477152, guid: e3f37f70b5ff3da49bd9a7645218597c,
        type: 3}
      propertyPath: m_LocalRotation.w
      value: -0.21297921
      objectReference: {fileID: 0}
    - target: {fileID: 5427328773699477152, guid: e3f37f70b5ff3da49bd9a7645218597c,
        type: 3}
      propertyPath: m_LocalRotation.x
      value: -0.6776016
      objectReference: {fileID: 0}
    - target: {fileID: 5427328773699477152, guid: e3f37f70b5ff3da49bd9a7645218597c,
        type: 3}
      propertyPath: m_LocalRotation.y
      value: 0.67426974
      objectReference: {fileID: 0}
    - target: {fileID: 5427328773699477152, guid: e3f37f70b5ff3da49bd9a7645218597c,
        type: 3}
      propertyPath: m_LocalRotation.z
      value: 0.2021294
      objectReference: {fileID: 0}
    - target: {fileID: 5427328773699477152, guid: e3f37f70b5ff3da49bd9a7645218597c,
        type: 3}
      propertyPath: m_LocalEulerAnglesHint.x
      value: 0.92
      objectReference: {fileID: 0}
    - target: {fileID: 5427328773699477152, guid: e3f37f70b5ff3da49bd9a7645218597c,
        type: 3}
      propertyPath: m_LocalEulerAnglesHint.y
      value: 214.14
      objectReference: {fileID: 0}
    - target: {fileID: 5427328773699477152, guid: e3f37f70b5ff3da49bd9a7645218597c,
        type: 3}
      propertyPath: m_LocalEulerAnglesHint.z
      value: -90
      objectReference: {fileID: 0}
    m_RemovedComponents: []
  m_SourcePrefab: {fileID: 100100000, guid: e3f37f70b5ff3da49bd9a7645218597c, type: 3}
--- !u!4 &8295411607313357756 stripped
Transform:
  m_CorrespondingSourceObject: {fileID: 5427328773699477152, guid: e3f37f70b5ff3da49bd9a7645218597c,
    type: 3}
  m_PrefabInstance: {fileID: 4057327804894512412}
  m_PrefabAsset: {fileID: 0}
--- !u!1001 &4057327805379969706
PrefabInstance:
  m_ObjectHideFlags: 0
  serializedVersion: 2
  m_Modification:
    m_TransformParent: {fileID: 4594867172518575688}
    m_Modifications:
    - target: {fileID: 5427328773683660614, guid: e3f37f70b5ff3da49bd9a7645218597c,
        type: 3}
      propertyPath: m_Mesh
      value: 
      objectReference: {fileID: 10202, guid: 0000000000000000e000000000000000, type: 0}
    - target: {fileID: 5427328773683660614, guid: e3f37f70b5ff3da49bd9a7645218597c,
        type: 3}
      propertyPath: m_SortMode
      value: 2
      objectReference: {fileID: 0}
    - target: {fileID: 5427328773683660614, guid: e3f37f70b5ff3da49bd9a7645218597c,
        type: 3}
      propertyPath: m_RenderMode
      value: 1
      objectReference: {fileID: 0}
    - target: {fileID: 5427328773683660614, guid: e3f37f70b5ff3da49bd9a7645218597c,
        type: 3}
      propertyPath: m_LengthScale
      value: -3.74
      objectReference: {fileID: 0}
    - target: {fileID: 5427328773683660614, guid: e3f37f70b5ff3da49bd9a7645218597c,
        type: 3}
      propertyPath: m_SortingFudge
      value: 13.34
      objectReference: {fileID: 0}
    - target: {fileID: 5427328773683660614, guid: e3f37f70b5ff3da49bd9a7645218597c,
        type: 3}
      propertyPath: m_MaxParticleSize
      value: 21.11
      objectReference: {fileID: 0}
    - target: {fileID: 5427328773684245724, guid: e3f37f70b5ff3da49bd9a7645218597c,
        type: 3}
      propertyPath: ShapeModule.type
      value: 5
      objectReference: {fileID: 0}
    - target: {fileID: 5427328773684245724, guid: e3f37f70b5ff3da49bd9a7645218597c,
        type: 3}
      propertyPath: ShapeModule.angle
      value: 9.09
      objectReference: {fileID: 0}
    - target: {fileID: 5427328773684245724, guid: e3f37f70b5ff3da49bd9a7645218597c,
        type: 3}
      propertyPath: ShapeModule.arc.value
      value: 356.82
      objectReference: {fileID: 0}
    - target: {fileID: 5427328773684245724, guid: e3f37f70b5ff3da49bd9a7645218597c,
        type: 3}
      propertyPath: ShapeModule.arc.spread
      value: 0
      objectReference: {fileID: 0}
    - target: {fileID: 5427328773684245724, guid: e3f37f70b5ff3da49bd9a7645218597c,
        type: 3}
      propertyPath: ShapeModule.radius.value
      value: 0.0001
      objectReference: {fileID: 0}
    - target: {fileID: 5427328773684245724, guid: e3f37f70b5ff3da49bd9a7645218597c,
        type: 3}
      propertyPath: ShapeModule.radiusThickness
      value: 1
      objectReference: {fileID: 0}
    - target: {fileID: 5427328773684245724, guid: e3f37f70b5ff3da49bd9a7645218597c,
        type: 3}
      propertyPath: EmissionModule.rateOverTime.scalar
      value: 8
      objectReference: {fileID: 0}
    - target: {fileID: 5427328773699231546, guid: e3f37f70b5ff3da49bd9a7645218597c,
        type: 3}
      propertyPath: m_Name
      value: BaoGodrayVFX (3)
      objectReference: {fileID: 0}
    - target: {fileID: 5427328773699477152, guid: e3f37f70b5ff3da49bd9a7645218597c,
        type: 3}
      propertyPath: m_RootOrder
      value: 3
      objectReference: {fileID: 0}
    - target: {fileID: 5427328773699477152, guid: e3f37f70b5ff3da49bd9a7645218597c,
        type: 3}
      propertyPath: m_LocalScale.x
      value: 1.1803603
      objectReference: {fileID: 0}
    - target: {fileID: 5427328773699477152, guid: e3f37f70b5ff3da49bd9a7645218597c,
        type: 3}
      propertyPath: m_LocalScale.y
      value: 1.033315
      objectReference: {fileID: 0}
    - target: {fileID: 5427328773699477152, guid: e3f37f70b5ff3da49bd9a7645218597c,
        type: 3}
      propertyPath: m_LocalScale.z
      value: 0.15952078
      objectReference: {fileID: 0}
    - target: {fileID: 5427328773699477152, guid: e3f37f70b5ff3da49bd9a7645218597c,
        type: 3}
      propertyPath: m_LocalPosition.x
      value: -0.15487905
      objectReference: {fileID: 0}
    - target: {fileID: 5427328773699477152, guid: e3f37f70b5ff3da49bd9a7645218597c,
        type: 3}
      propertyPath: m_LocalPosition.y
      value: 2.3302393
      objectReference: {fileID: 0}
    - target: {fileID: 5427328773699477152, guid: e3f37f70b5ff3da49bd9a7645218597c,
        type: 3}
      propertyPath: m_LocalPosition.z
      value: -0.20415942
      objectReference: {fileID: 0}
    - target: {fileID: 5427328773699477152, guid: e3f37f70b5ff3da49bd9a7645218597c,
        type: 3}
      propertyPath: m_LocalRotation.w
      value: 0.054615036
      objectReference: {fileID: 0}
    - target: {fileID: 5427328773699477152, guid: e3f37f70b5ff3da49bd9a7645218597c,
        type: 3}
      propertyPath: m_LocalRotation.x
      value: 0.08283424
      objectReference: {fileID: 0}
    - target: {fileID: 5427328773699477152, guid: e3f37f70b5ff3da49bd9a7645218597c,
        type: 3}
      propertyPath: m_LocalRotation.y
      value: 0.99503124
      objectReference: {fileID: 0}
    - target: {fileID: 5427328773699477152, guid: e3f37f70b5ff3da49bd9a7645218597c,
        type: 3}
      propertyPath: m_LocalRotation.z
      value: -0.008278061
      objectReference: {fileID: 0}
    - target: {fileID: 5427328773699477152, guid: e3f37f70b5ff3da49bd9a7645218597c,
        type: 3}
      propertyPath: m_LocalEulerAnglesHint.x
      value: 1.462
      objectReference: {fileID: 0}
    - target: {fileID: 5427328773699477152, guid: e3f37f70b5ff3da49bd9a7645218597c,
        type: 3}
      propertyPath: m_LocalEulerAnglesHint.y
      value: 173.837
      objectReference: {fileID: 0}
    - target: {fileID: 5427328773699477152, guid: e3f37f70b5ff3da49bd9a7645218597c,
        type: 3}
      propertyPath: m_LocalEulerAnglesHint.z
      value: 9.439
      objectReference: {fileID: 0}
    m_RemovedComponents: []
  m_SourcePrefab: {fileID: 100100000, guid: e3f37f70b5ff3da49bd9a7645218597c, type: 3}
--- !u!4 &8295411606706199562 stripped
Transform:
  m_CorrespondingSourceObject: {fileID: 5427328773699477152, guid: e3f37f70b5ff3da49bd9a7645218597c,
    type: 3}
  m_PrefabInstance: {fileID: 4057327805379969706}
  m_PrefabAsset: {fileID: 0}
