%YAML 1.1
%TAG !u! tag:unity3d.com,2011:
--- !u!1 &8355975443208699879
GameObject:
  m_ObjectHideFlags: 0
  m_CorrespondingSourceObject: {fileID: 0}
  m_PrefabInstance: {fileID: 0}
  m_PrefabAsset: {fileID: 0}
  serializedVersion: 6
  m_Component:
  - component: {fileID: 8355975443208699875}
  - component: {fileID: 8355975443208699872}
  - component: {fileID: 8355975443208699884}
  m_Layer: 0
  m_Name: Platform Run
  m_TagString: PlatformRun
  m_Icon: {fileID: 0}
  m_NavMeshLayer: 0
  m_StaticEditorFlags: 0
  m_IsActive: 0
--- !u!4 &8355975443208699875
Transform:
  m_ObjectHideFlags: 0
  m_CorrespondingSourceObject: {fileID: 0}
  m_PrefabInstance: {fileID: 0}
  m_PrefabAsset: {fileID: 0}
  m_GameObject: {fileID: 8355975443208699879}
  m_LocalRotation: {x: 0, y: 0, z: 0, w: 1}
  m_LocalPosition: {x: 0, y: -0.6, z: 0}
  m_LocalScale: {x: 1.5, y: 1.5, z: 1.5}
  m_ConstrainProportionsScale: 0
  m_Children:
  - {fileID: 9077184430711638334}
  m_Father: {fileID: 0}
  m_RootOrder: 0
  m_LocalEulerAnglesHint: {x: 0, y: 0, z: 0}
--- !u!65 &8355975443208699872
BoxCollider:
  m_ObjectHideFlags: 0
  m_CorrespondingSourceObject: {fileID: 0}
  m_PrefabInstance: {fileID: 0}
  m_PrefabAsset: {fileID: 0}
  m_GameObject: {fileID: 8355975443208699879}
  m_Material: {fileID: 0}
  m_IsTrigger: 1
  m_Enabled: 1
  serializedVersion: 2
  m_Size: {x: 1, y: 1, z: 1}
  m_Center: {x: 0, y: -0.5, z: 0}
--- !u!114 &8355975443208699884
MonoBehaviour:
  m_ObjectHideFlags: 0
  m_CorrespondingSourceObject: {fileID: 0}
  m_PrefabInstance: {fileID: 0}
  m_PrefabAsset: {fileID: 0}
  m_GameObject: {fileID: 8355975443208699879}
  m_Enabled: 1
  m_EditorHideFlags: 0
  m_Script: {fileID: 11500000, guid: e4bf8c4327e401e4ba14dcaa41f51834, type: 3}
  m_Name: 
  m_EditorClassIdentifier: 
  isFakeTile: 0
  isDynamicTile: 0
  isStrongNote: 0
  isSlideTile: 0
  time: 0
  nextNoteDistance: 0
  duration: 0
  slideTime: 0
  velocity: 0
  nextJumpNoteID: 0
  noteID: 0
  isHitted: 0
  canSlide: 0
  coin: {fileID: 0}
  star: {fileID: 0}
  platformAnim: {fileID: 0}
  tileVFX: {fileID: 0}
  fakeTileModel: {fileID: 0}
  fakeTileVFX: {fileID: 0}
--- !u!1001 &4974037262313777058
PrefabInstance:
  m_ObjectHideFlags: 0
  serializedVersion: 2
  m_Modification:
    m_TransformParent: {fileID: 9077184430711638334}
    m_Modifications:
    - target: {fileID: 1378133987767365026, guid: e43402a874906a74babbb588d79e69b0,
        type: 3}
      propertyPath: m_RootOrder
      value: 1
      objectReference: {fileID: 0}
    - target: {fileID: 1378133987767365026, guid: e43402a874906a74babbb588d79e69b0,
        type: 3}
      propertyPath: m_LocalPosition.x
      value: 0
      objectReference: {fileID: 0}
    - target: {fileID: 1378133987767365026, guid: e43402a874906a74babbb588d79e69b0,
        type: 3}
      propertyPath: m_LocalPosition.y
      value: -0.3
      objectReference: {fileID: 0}
    - target: {fileID: 1378133987767365026, guid: e43402a874906a74babbb588d79e69b0,
        type: 3}
      propertyPath: m_LocalPosition.z
      value: 0
      objectReference: {fileID: 0}
    - target: {fileID: 1378133987767365026, guid: e43402a874906a74babbb588d79e69b0,
        type: 3}
      propertyPath: m_LocalRotation.w
      value: 1
      objectReference: {fileID: 0}
    - target: {fileID: 1378133987767365026, guid: e43402a874906a74babbb588d79e69b0,
        type: 3}
      propertyPath: m_LocalRotation.x
      value: 0
      objectReference: {fileID: 0}
    - target: {fileID: 1378133987767365026, guid: e43402a874906a74babbb588d79e69b0,
        type: 3}
      propertyPath: m_LocalRotation.y
      value: -0
      objectReference: {fileID: 0}
    - target: {fileID: 1378133987767365026, guid: e43402a874906a74babbb588d79e69b0,
        type: 3}
      propertyPath: m_LocalRotation.z
      value: -0
      objectReference: {fileID: 0}
    - target: {fileID: 1378133987767365026, guid: e43402a874906a74babbb588d79e69b0,
        type: 3}
      propertyPath: m_LocalEulerAnglesHint.x
      value: 0
      objectReference: {fileID: 0}
    - target: {fileID: 1378133987767365026, guid: e43402a874906a74babbb588d79e69b0,
        type: 3}
      propertyPath: m_LocalEulerAnglesHint.y
      value: 0
      objectReference: {fileID: 0}
    - target: {fileID: 1378133987767365026, guid: e43402a874906a74babbb588d79e69b0,
        type: 3}
      propertyPath: m_LocalEulerAnglesHint.z
      value: 0
      objectReference: {fileID: 0}
    - target: {fileID: 1759725633710356248, guid: e43402a874906a74babbb588d79e69b0,
        type: 3}
      propertyPath: m_Name
      value: SM_WaterSquareFoam
      objectReference: {fileID: 0}
    m_RemovedComponents: []
  m_SourcePrefab: {fileID: 100100000, guid: e43402a874906a74babbb588d79e69b0, type: 3}
--- !u!1001 &7209602373012386307
PrefabInstance:
  m_ObjectHideFlags: 0
  serializedVersion: 2
  m_Modification:
    m_TransformParent: {fileID: 9077184430711638334}
    m_Modifications:
    - target: {fileID: 3106970524817985930, guid: b4dd6b527c298794080f11f407b01ac0,
        type: 3}
      propertyPath: m_RootOrder
      value: 0
      objectReference: {fileID: 0}
    - target: {fileID: 3106970524817985930, guid: b4dd6b527c298794080f11f407b01ac0,
        type: 3}
      propertyPath: m_LocalPosition.x
      value: 0
      objectReference: {fileID: 0}
    - target: {fileID: 3106970524817985930, guid: b4dd6b527c298794080f11f407b01ac0,
        type: 3}
      propertyPath: m_LocalPosition.y
      value: -0.33
      objectReference: {fileID: 0}
    - target: {fileID: 3106970524817985930, guid: b4dd6b527c298794080f11f407b01ac0,
        type: 3}
      propertyPath: m_LocalPosition.z
      value: 0
      objectReference: {fileID: 0}
    - target: {fileID: 3106970524817985930, guid: b4dd6b527c298794080f11f407b01ac0,
        type: 3}
      propertyPath: m_LocalRotation.w
      value: 0.6942198
      objectReference: {fileID: 0}
    - target: {fileID: 3106970524817985930, guid: b4dd6b527c298794080f11f407b01ac0,
        type: 3}
      propertyPath: m_LocalRotation.x
      value: -0.6942198
      objectReference: {fileID: 0}
    - target: {fileID: 3106970524817985930, guid: b4dd6b527c298794080f11f407b01ac0,
        type: 3}
      propertyPath: m_LocalRotation.y
      value: 0.13438317
      objectReference: {fileID: 0}
    - target: {fileID: 3106970524817985930, guid: b4dd6b527c298794080f11f407b01ac0,
        type: 3}
      propertyPath: m_LocalRotation.z
      value: 0.13438317
      objectReference: {fileID: 0}
    - target: {fileID: 3106970524817985930, guid: b4dd6b527c298794080f11f407b01ac0,
        type: 3}
      propertyPath: m_LocalEulerAnglesHint.x
      value: -90
      objectReference: {fileID: 0}
    - target: {fileID: 3106970524817985930, guid: b4dd6b527c298794080f11f407b01ac0,
        type: 3}
      propertyPath: m_LocalEulerAnglesHint.y
      value: 0
      objectReference: {fileID: 0}
    - target: {fileID: 3106970524817985930, guid: b4dd6b527c298794080f11f407b01ac0,
        type: 3}
      propertyPath: m_LocalEulerAnglesHint.z
      value: 21.911
      objectReference: {fileID: 0}
    - target: {fileID: 3583117714567876071, guid: b4dd6b527c298794080f11f407b01ac0,
        type: 3}
      propertyPath: m_Name
      value: Water Ripples
      objectReference: {fileID: 0}
    m_RemovedComponents: []
  m_SourcePrefab: {fileID: 100100000, guid: b4dd6b527c298794080f11f407b01ac0, type: 3}
--- !u!1001 &8823143589257899733
PrefabInstance:
  m_ObjectHideFlags: 0
  serializedVersion: 2
  m_Modification:
    m_TransformParent: {fileID: 8355975443208699875}
    m_Modifications:
    - target: {fileID: -8679921383154817045, guid: 09694a564342a5841b4e3c2090ecb4e0,
        type: 3}
      propertyPath: m_RootOrder
      value: 0
      objectReference: {fileID: 0}
    - target: {fileID: -8679921383154817045, guid: 09694a564342a5841b4e3c2090ecb4e0,
        type: 3}
      propertyPath: m_LocalScale.x
      value: 1
      objectReference: {fileID: 0}
    - target: {fileID: -8679921383154817045, guid: 09694a564342a5841b4e3c2090ecb4e0,
        type: 3}
      propertyPath: m_LocalScale.y
      value: 1
      objectReference: {fileID: 0}
    - target: {fileID: -8679921383154817045, guid: 09694a564342a5841b4e3c2090ecb4e0,
        type: 3}
      propertyPath: m_LocalScale.z
      value: 1
      objectReference: {fileID: 0}
    - target: {fileID: -8679921383154817045, guid: 09694a564342a5841b4e3c2090ecb4e0,
        type: 3}
      propertyPath: m_LocalPosition.x
      value: 0
      objectReference: {fileID: 0}
    - target: {fileID: -8679921383154817045, guid: 09694a564342a5841b4e3c2090ecb4e0,
        type: 3}
      propertyPath: m_LocalPosition.y
      value: 0
      objectReference: {fileID: 0}
    - target: {fileID: -8679921383154817045, guid: 09694a564342a5841b4e3c2090ecb4e0,
        type: 3}
      propertyPath: m_LocalPosition.z
      value: 0
      objectReference: {fileID: 0}
    - target: {fileID: -8679921383154817045, guid: 09694a564342a5841b4e3c2090ecb4e0,
        type: 3}
      propertyPath: m_LocalRotation.w
      value: 1
      objectReference: {fileID: 0}
    - target: {fileID: -8679921383154817045, guid: 09694a564342a5841b4e3c2090ecb4e0,
        type: 3}
      propertyPath: m_LocalRotation.x
      value: -0
      objectReference: {fileID: 0}
    - target: {fileID: -8679921383154817045, guid: 09694a564342a5841b4e3c2090ecb4e0,
        type: 3}
      propertyPath: m_LocalRotation.y
      value: -0
      objectReference: {fileID: 0}
    - target: {fileID: -8679921383154817045, guid: 09694a564342a5841b4e3c2090ecb4e0,
        type: 3}
      propertyPath: m_LocalRotation.z
      value: -0
      objectReference: {fileID: 0}
    - target: {fileID: -8679921383154817045, guid: 09694a564342a5841b4e3c2090ecb4e0,
        type: 3}
      propertyPath: m_LocalEulerAnglesHint.x
      value: 0
      objectReference: {fileID: 0}
    - target: {fileID: -8679921383154817045, guid: 09694a564342a5841b4e3c2090ecb4e0,
        type: 3}
      propertyPath: m_LocalEulerAnglesHint.y
      value: 0
      objectReference: {fileID: 0}
    - target: {fileID: -8679921383154817045, guid: 09694a564342a5841b4e3c2090ecb4e0,
        type: 3}
      propertyPath: m_LocalEulerAnglesHint.z
      value: 0
      objectReference: {fileID: 0}
    - target: {fileID: -7511558181221131132, guid: 09694a564342a5841b4e3c2090ecb4e0,
        type: 3}
      propertyPath: m_CastShadows
      value: 0
      objectReference: {fileID: 0}
    - target: {fileID: 919132149155446097, guid: 09694a564342a5841b4e3c2090ecb4e0,
        type: 3}
      propertyPath: m_Name
      value: SM_Platform_to_run
      objectReference: {fileID: 0}
    m_RemovedComponents: []
  m_SourcePrefab: {fileID: 100100000, guid: 09694a564342a5841b4e3c2090ecb4e0, type: 3}
--- !u!4 &9077184430711638334 stripped
Transform:
  m_CorrespondingSourceObject: {fileID: -8679921383154817045, guid: 09694a564342a5841b4e3c2090ecb4e0,
    type: 3}
  m_PrefabInstance: {fileID: 8823143589257899733}
  m_PrefabAsset: {fileID: 0}
