%YAML 1.1
%TAG !u! tag:unity3d.com,2011:
--- !u!29 &1
OcclusionCullingSettings:
  m_ObjectHideFlags: 0
  serializedVersion: 2
  m_OcclusionBakeSettings:
    smallestOccluder: 5
    smallestHole: 0.25
    backfaceThreshold: 100
  m_SceneGUID: 00000000000000000000000000000000
  m_OcclusionCullingData: {fileID: 0}
--- !u!104 &2
RenderSettings:
  m_ObjectHideFlags: 0
  serializedVersion: 9
  m_Fog: 1
  m_FogColor: {r: 1, g: 0.6650944, b: 0.8838083, a: 1}
  m_FogMode: 1
  m_FogDensity: 0.1
  m_LinearFogStart: 1
  m_LinearFogEnd: 58.6
  m_AmbientSkyColor: {r: 0.212, g: 0.227, b: 0.259, a: 1}
  m_AmbientEquatorColor: {r: 0.114, g: 0.125, b: 0.133, a: 1}
  m_AmbientGroundColor: {r: 0.047, g: 0.043, b: 0.035, a: 1}
  m_AmbientIntensity: 1
  m_AmbientMode: 0
  m_SubtractiveShadowColor: {r: 0.9669811, g: 0.9763261, b: 1, a: 1}
  m_SkyboxMaterial: {fileID: 2100000, guid: cdc897eb350680844b893920591d6c82, type: 2}
  m_HaloStrength: 0.5
  m_FlareStrength: 1
  m_FlareFadeSpeed: 3
  m_HaloTexture: {fileID: 0}
  m_SpotCookie: {fileID: 10001, guid: 0000000000000000e000000000000000, type: 0}
  m_DefaultReflectionMode: 0
  m_DefaultReflectionResolution: 128
  m_ReflectionBounces: 1
  m_ReflectionIntensity: 1
  m_CustomReflection: {fileID: 0}
  m_Sun: {fileID: 0}
  m_IndirectSpecularColor: {r: 0, g: 0, b: 0, a: 1}
  m_UseRadianceAmbientProbe: 0
--- !u!157 &3
LightmapSettings:
  m_ObjectHideFlags: 0
  serializedVersion: 12
  m_GIWorkflowMode: 1
  m_GISettings:
    serializedVersion: 2
    m_BounceScale: 1
    m_IndirectOutputScale: 1
    m_AlbedoBoost: 1
    m_EnvironmentLightingMode: 0
    m_EnableBakedLightmaps: 1
    m_EnableRealtimeLightmaps: 0
  m_LightmapEditorSettings:
    serializedVersion: 12
    m_Resolution: 2
    m_BakeResolution: 40
    m_AtlasSize: 1024
    m_AO: 0
    m_AOMaxDistance: 1
    m_CompAOExponent: 1
    m_CompAOExponentDirect: 0
    m_ExtractAmbientOcclusion: 0
    m_Padding: 2
    m_LightmapParameters: {fileID: 0}
    m_LightmapsBakeMode: 1
    m_TextureCompression: 1
    m_FinalGather: 0
    m_FinalGatherFiltering: 1
    m_FinalGatherRayCount: 256
    m_ReflectionCompression: 2
    m_MixedBakeMode: 2
    m_BakeBackend: 1
    m_PVRSampling: 1
    m_PVRDirectSampleCount: 32
    m_PVRSampleCount: 512
    m_PVRBounces: 2
    m_PVREnvironmentSampleCount: 256
    m_PVREnvironmentReferencePointCount: 2048
    m_PVRFilteringMode: 1
    m_PVRDenoiserTypeDirect: 1
    m_PVRDenoiserTypeIndirect: 1
    m_PVRDenoiserTypeAO: 1
    m_PVRFilterTypeDirect: 0
    m_PVRFilterTypeIndirect: 0
    m_PVRFilterTypeAO: 0
    m_PVREnvironmentMIS: 1
    m_PVRCulling: 1
    m_PVRFilteringGaussRadiusDirect: 1
    m_PVRFilteringGaussRadiusIndirect: 5
    m_PVRFilteringGaussRadiusAO: 2
    m_PVRFilteringAtrousPositionSigmaDirect: 0.5
    m_PVRFilteringAtrousPositionSigmaIndirect: 2
    m_PVRFilteringAtrousPositionSigmaAO: 1
    m_ExportTrainingData: 0
    m_TrainingDataDestination: TrainingData
    m_LightProbeSampleCountMultiplier: 4
  m_LightingDataAsset: {fileID: 0}
  m_LightingSettings: {fileID: 0}
--- !u!196 &4
NavMeshSettings:
  serializedVersion: 2
  m_ObjectHideFlags: 0
  m_BuildSettings:
    serializedVersion: 2
    agentTypeID: 0
    agentRadius: 0.5
    agentHeight: 2
    agentSlope: 45
    agentClimb: 0.4
    ledgeDropHeight: 0
    maxJumpAcrossDistance: 0
    minRegionArea: 2
    manualCellSize: 0
    cellSize: 0.16666667
    manualTileSize: 0
    tileSize: 256
    accuratePlacement: 0
    maxJobWorkers: 0
    preserveTilesOutsideBounds: 0
    debug:
      m_Flags: 0
  m_NavMeshData: {fileID: 0}
--- !u!1001 &44750395
PrefabInstance:
  m_ObjectHideFlags: 0
  serializedVersion: 2
  m_Modification:
    m_TransformParent: {fileID: 0}
    m_Modifications:
    - target: {fileID: -8704027669230749120, guid: 9ab89933edc66dc498c848543b10b67d,
        type: 3}
      propertyPath: m_Materials.Array.data[0]
      value: 
      objectReference: {fileID: 2100000, guid: 0a775fe01b6011e4787c0581d46ef21e, type: 2}
    - target: {fileID: -8679921383154817045, guid: 9ab89933edc66dc498c848543b10b67d,
        type: 3}
      propertyPath: m_RootOrder
      value: 1
      objectReference: {fileID: 0}
    - target: {fileID: -8679921383154817045, guid: 9ab89933edc66dc498c848543b10b67d,
        type: 3}
      propertyPath: m_LocalScale.x
      value: 1
      objectReference: {fileID: 0}
    - target: {fileID: -8679921383154817045, guid: 9ab89933edc66dc498c848543b10b67d,
        type: 3}
      propertyPath: m_LocalScale.y
      value: 1
      objectReference: {fileID: 0}
    - target: {fileID: -8679921383154817045, guid: 9ab89933edc66dc498c848543b10b67d,
        type: 3}
      propertyPath: m_LocalScale.z
      value: 1
      objectReference: {fileID: 0}
    - target: {fileID: -8679921383154817045, guid: 9ab89933edc66dc498c848543b10b67d,
        type: 3}
      propertyPath: m_LocalPosition.x
      value: 0
      objectReference: {fileID: 0}
    - target: {fileID: -8679921383154817045, guid: 9ab89933edc66dc498c848543b10b67d,
        type: 3}
      propertyPath: m_LocalPosition.y
      value: 0
      objectReference: {fileID: 0}
    - target: {fileID: -8679921383154817045, guid: 9ab89933edc66dc498c848543b10b67d,
        type: 3}
      propertyPath: m_LocalPosition.z
      value: 0
      objectReference: {fileID: 0}
    - target: {fileID: -8679921383154817045, guid: 9ab89933edc66dc498c848543b10b67d,
        type: 3}
      propertyPath: m_LocalRotation.w
      value: 1
      objectReference: {fileID: 0}
    - target: {fileID: -8679921383154817045, guid: 9ab89933edc66dc498c848543b10b67d,
        type: 3}
      propertyPath: m_LocalRotation.x
      value: 0
      objectReference: {fileID: 0}
    - target: {fileID: -8679921383154817045, guid: 9ab89933edc66dc498c848543b10b67d,
        type: 3}
      propertyPath: m_LocalRotation.y
      value: -0
      objectReference: {fileID: 0}
    - target: {fileID: -8679921383154817045, guid: 9ab89933edc66dc498c848543b10b67d,
        type: 3}
      propertyPath: m_LocalRotation.z
      value: -0
      objectReference: {fileID: 0}
    - target: {fileID: -8679921383154817045, guid: 9ab89933edc66dc498c848543b10b67d,
        type: 3}
      propertyPath: m_LocalEulerAnglesHint.x
      value: 0
      objectReference: {fileID: 0}
    - target: {fileID: -8679921383154817045, guid: 9ab89933edc66dc498c848543b10b67d,
        type: 3}
      propertyPath: m_LocalEulerAnglesHint.y
      value: 0
      objectReference: {fileID: 0}
    - target: {fileID: -8679921383154817045, guid: 9ab89933edc66dc498c848543b10b67d,
        type: 3}
      propertyPath: m_LocalEulerAnglesHint.z
      value: 0
      objectReference: {fileID: 0}
    - target: {fileID: -8679921383154817045, guid: 9ab89933edc66dc498c848543b10b67d,
        type: 3}
      propertyPath: m_ConstrainProportionsScale
      value: 1
      objectReference: {fileID: 0}
    - target: {fileID: -8527957881926974967, guid: 9ab89933edc66dc498c848543b10b67d,
        type: 3}
      propertyPath: m_Materials.Array.data[0]
      value: 
      objectReference: {fileID: 2100000, guid: 0a775fe01b6011e4787c0581d46ef21e, type: 2}
    - target: {fileID: -8486465305403220026, guid: 9ab89933edc66dc498c848543b10b67d,
        type: 3}
      propertyPath: m_Materials.Array.data[0]
      value: 
      objectReference: {fileID: 2100000, guid: 0a775fe01b6011e4787c0581d46ef21e, type: 2}
    - target: {fileID: -8184109517111076793, guid: 9ab89933edc66dc498c848543b10b67d,
        type: 3}
      propertyPath: m_Materials.Array.data[0]
      value: 
      objectReference: {fileID: 2100000, guid: 0a775fe01b6011e4787c0581d46ef21e, type: 2}
    - target: {fileID: -3601060562242583225, guid: 9ab89933edc66dc498c848543b10b67d,
        type: 3}
      propertyPath: m_LocalPosition.y
      value: -0.627
      objectReference: {fileID: 0}
    - target: {fileID: -2352183917628298291, guid: 9ab89933edc66dc498c848543b10b67d,
        type: 3}
      propertyPath: m_Materials.Array.data[0]
      value: 
      objectReference: {fileID: 2100000, guid: 2e62c7c33a1d5434187cdf3d16da70e5, type: 2}
    - target: {fileID: -1814089320556327814, guid: 9ab89933edc66dc498c848543b10b67d,
        type: 3}
      propertyPath: m_IsActive
      value: 0
      objectReference: {fileID: 0}
    - target: {fileID: 717503865301946569, guid: 9ab89933edc66dc498c848543b10b67d,
        type: 3}
      propertyPath: m_Materials.Array.data[0]
      value: 
      objectReference: {fileID: 2100000, guid: 0a775fe01b6011e4787c0581d46ef21e, type: 2}
    - target: {fileID: 919132149155446097, guid: 9ab89933edc66dc498c848543b10b67d,
        type: 3}
      propertyPath: m_Name
      value: Broken_room
      objectReference: {fileID: 0}
    - target: {fileID: 919132149155446097, guid: 9ab89933edc66dc498c848543b10b67d,
        type: 3}
      propertyPath: m_IsActive
      value: 0
      objectReference: {fileID: 0}
    - target: {fileID: 1103142296544199669, guid: 9ab89933edc66dc498c848543b10b67d,
        type: 3}
      propertyPath: m_Materials.Array.data[0]
      value: 
      objectReference: {fileID: 2100000, guid: 0a775fe01b6011e4787c0581d46ef21e, type: 2}
    - target: {fileID: 3386274767672862699, guid: 9ab89933edc66dc498c848543b10b67d,
        type: 3}
      propertyPath: m_Materials.Array.data[0]
      value: 
      objectReference: {fileID: 2100000, guid: da854dffa90fc2649ac665ff147436e3, type: 2}
    - target: {fileID: 4860814023467142906, guid: 9ab89933edc66dc498c848543b10b67d,
        type: 3}
      propertyPath: m_LocalPosition.y
      value: 0.556
      objectReference: {fileID: 0}
    - target: {fileID: 4860814023467142906, guid: 9ab89933edc66dc498c848543b10b67d,
        type: 3}
      propertyPath: m_LocalPosition.z
      value: 1.381
      objectReference: {fileID: 0}
    - target: {fileID: 6567780348873503797, guid: 9ab89933edc66dc498c848543b10b67d,
        type: 3}
      propertyPath: m_Materials.Array.data[0]
      value: 
      objectReference: {fileID: 2100000, guid: 0a775fe01b6011e4787c0581d46ef21e, type: 2}
    - target: {fileID: 7861079991216335473, guid: 9ab89933edc66dc498c848543b10b67d,
        type: 3}
      propertyPath: m_Materials.Array.data[0]
      value: 
      objectReference: {fileID: 2100000, guid: 0a775fe01b6011e4787c0581d46ef21e, type: 2}
    - target: {fileID: 8729651461502227636, guid: 9ab89933edc66dc498c848543b10b67d,
        type: 3}
      propertyPath: m_LocalPosition.y
      value: 1.085
      objectReference: {fileID: 0}
    - target: {fileID: 8729651461502227636, guid: 9ab89933edc66dc498c848543b10b67d,
        type: 3}
      propertyPath: m_LocalPosition.z
      value: 1.133
      objectReference: {fileID: 0}
    m_RemovedComponents: []
  m_SourcePrefab: {fileID: 100100000, guid: 9ab89933edc66dc498c848543b10b67d, type: 3}
--- !u!1 &326763668
GameObject:
  m_ObjectHideFlags: 0
  m_CorrespondingSourceObject: {fileID: 0}
  m_PrefabInstance: {fileID: 0}
  m_PrefabAsset: {fileID: 0}
  serializedVersion: 6
  m_Component:
  - component: {fileID: 326763669}
  m_Layer: 0
  m_Name: Lighting
  m_TagString: Untagged
  m_Icon: {fileID: 0}
  m_NavMeshLayer: 0
  m_StaticEditorFlags: 0
  m_IsActive: 1
--- !u!4 &326763669
Transform:
  m_ObjectHideFlags: 0
  m_CorrespondingSourceObject: {fileID: 0}
  m_PrefabInstance: {fileID: 0}
  m_PrefabAsset: {fileID: 0}
  m_GameObject: {fileID: 326763668}
  m_LocalRotation: {x: 0, y: 0, z: 0, w: 1}
  m_LocalPosition: {x: 2.015304, y: 1.0648246, z: 3.1187792}
  m_LocalScale: {x: 1, y: 1, z: 1}
  m_ConstrainProportionsScale: 0
  m_Children:
  - {fileID: 671406195}
  - {fileID: 912800619}
  - {fileID: 691417274}
  - {fileID: 1346013393}
  - {fileID: 1439070303}
  - {fileID: 1311148125}
  - {fileID: 1638383629}
  - {fileID: 1770880438}
  - {fileID: 988527750}
  m_Father: {fileID: 0}
  m_RootOrder: 5
  m_LocalEulerAnglesHint: {x: 0, y: 0, z: 0}
--- !u!1 &396952095
GameObject:
  m_ObjectHideFlags: 0
  m_CorrespondingSourceObject: {fileID: 0}
  m_PrefabInstance: {fileID: 0}
  m_PrefabAsset: {fileID: 0}
  serializedVersion: 6
  m_Component:
  - component: {fileID: 396952096}
  - component: {fileID: 396952098}
  - component: {fileID: 396952097}
  m_Layer: 0
  m_Name: Room_Decor37 (1)
  m_TagString: Untagged
  m_Icon: {fileID: 0}
  m_NavMeshLayer: 0
  m_StaticEditorFlags: 0
  m_IsActive: 1
--- !u!4 &396952096
Transform:
  m_ObjectHideFlags: 0
  m_CorrespondingSourceObject: {fileID: 0}
  m_PrefabInstance: {fileID: 0}
  m_PrefabAsset: {fileID: 0}
  m_GameObject: {fileID: 396952095}
  m_LocalRotation: {x: -0, y: 0.43809885, z: -0, w: 0.89892685}
  m_LocalPosition: {x: 1.983, y: 0.011712654, z: 1.747}
  m_LocalScale: {x: 1, y: 1, z: 1}
  m_ConstrainProportionsScale: 0
  m_Children: []
  m_Father: {fileID: 1656765111}
  m_RootOrder: 27
  m_LocalEulerAnglesHint: {x: 0, y: 51.965, z: 0}
--- !u!23 &396952097
MeshRenderer:
  m_ObjectHideFlags: 0
  m_CorrespondingSourceObject: {fileID: 0}
  m_PrefabInstance: {fileID: 0}
  m_PrefabAsset: {fileID: 0}
  m_GameObject: {fileID: 396952095}
  m_Enabled: 1
  m_CastShadows: 1
  m_ReceiveShadows: 1
  m_DynamicOccludee: 1
  m_StaticShadowCaster: 0
  m_MotionVectors: 1
  m_LightProbeUsage: 1
  m_ReflectionProbeUsage: 1
  m_RayTracingMode: 2
  m_RayTraceProcedural: 0
  m_RenderingLayerMask: 1
  m_RendererPriority: 0
  m_Materials:
  - {fileID: 2100000, guid: 2e62c7c33a1d5434187cdf3d16da70e5, type: 2}
  m_StaticBatchInfo:
    firstSubMesh: 0
    subMeshCount: 0
  m_StaticBatchRoot: {fileID: 0}
  m_ProbeAnchor: {fileID: 0}
  m_LightProbeVolumeOverride: {fileID: 0}
  m_ScaleInLightmap: 1
  m_ReceiveGI: 1
  m_PreserveUVs: 0
  m_IgnoreNormalsForChartDetection: 0
  m_ImportantGI: 0
  m_StitchLightmapSeams: 1
  m_SelectedEditorRenderState: 3
  m_MinimumChartSize: 4
  m_AutoUVMaxDistance: 0.5
  m_AutoUVMaxAngle: 89
  m_LightmapParameters: {fileID: 0}
  m_SortingLayerID: 0
  m_SortingLayer: 0
  m_SortingOrder: 0
  m_AdditionalVertexStreams: {fileID: 0}
--- !u!33 &396952098
MeshFilter:
  m_ObjectHideFlags: 0
  m_CorrespondingSourceObject: {fileID: 0}
  m_PrefabInstance: {fileID: 0}
  m_PrefabAsset: {fileID: 0}
  m_GameObject: {fileID: 396952095}
  m_Mesh: {fileID: -8102444398513157808, guid: a5fbd53286a0690409dc6a6b43552c13, type: 3}
--- !u!1 &562591751
GameObject:
  m_ObjectHideFlags: 0
  m_CorrespondingSourceObject: {fileID: 0}
  m_PrefabInstance: {fileID: 0}
  m_PrefabAsset: {fileID: 0}
  serializedVersion: 6
  m_Component:
  - component: {fileID: 562591753}
  - component: {fileID: 562591752}
  m_Layer: 0
  m_Name: Global Volume
  m_TagString: Untagged
  m_Icon: {fileID: 0}
  m_NavMeshLayer: 0
  m_StaticEditorFlags: 0
  m_IsActive: 1
--- !u!114 &562591752
MonoBehaviour:
  m_ObjectHideFlags: 0
  m_CorrespondingSourceObject: {fileID: 0}
  m_PrefabInstance: {fileID: 0}
  m_PrefabAsset: {fileID: 0}
  m_GameObject: {fileID: 562591751}
  m_Enabled: 1
  m_EditorHideFlags: 0
  m_Script: {fileID: 11500000, guid: 172515602e62fb746b5d573b38a5fe58, type: 3}
  m_Name: 
  m_EditorClassIdentifier: 
  m_IsGlobal: 1
  priority: 1
  blendDistance: 0
  weight: 0.145
  sharedProfile: {fileID: 11400000, guid: c093ab080b6c44424b2e4851c9011ba9, type: 2}
--- !u!4 &562591753
Transform:
  m_ObjectHideFlags: 0
  m_CorrespondingSourceObject: {fileID: 0}
  m_PrefabInstance: {fileID: 0}
  m_PrefabAsset: {fileID: 0}
  m_GameObject: {fileID: 562591751}
  m_LocalRotation: {x: 0.0036404491, y: -0.83419204, z: 0.02556052, w: -0.55086935}
  m_LocalPosition: {x: 18.745955, y: -4.1536274, z: -13.03912}
  m_LocalScale: {x: 1, y: 1, z: 1}
  m_ConstrainProportionsScale: 0
  m_Children: []
  m_Father: {fileID: 599605694}
  m_RootOrder: 1
  m_LocalEulerAnglesHint: {x: 0, y: 0, z: 0}
--- !u!1 &599605688
GameObject:
  m_ObjectHideFlags: 0
  m_CorrespondingSourceObject: {fileID: 0}
  m_PrefabInstance: {fileID: 0}
  m_PrefabAsset: {fileID: 0}
  serializedVersion: 6
  m_Component:
  - component: {fileID: 599605694}
  - component: {fileID: 599605693}
  - component: {fileID: 599605695}
  m_Layer: 0
  m_Name: Camera-1
  m_TagString: MainCamera
  m_Icon: {fileID: 0}
  m_NavMeshLayer: 0
  m_StaticEditorFlags: 0
  m_IsActive: 1
--- !u!20 &599605693
Camera:
  m_ObjectHideFlags: 0
  m_CorrespondingSourceObject: {fileID: 0}
  m_PrefabInstance: {fileID: 0}
  m_PrefabAsset: {fileID: 0}
  m_GameObject: {fileID: 599605688}
  m_Enabled: 1
  serializedVersion: 2
  m_ClearFlags: 1
  m_BackGroundColor: {r: 0.19215687, g: 0.3019608, b: 0.4745098, a: 0}
  m_projectionMatrixMode: 1
  m_GateFitMode: 2
  m_FOVAxisMode: 0
  m_SensorSize: {x: 36, y: 24}
  m_LensShift: {x: 0, y: 0}
  m_FocalLength: 21.47147
  m_NormalizedViewPortRect:
    serializedVersion: 2
    x: 0
    y: 0
    width: 1
    height: 1
  near clip plane: 0.17
  far clip plane: 10000
  field of view: 73
  orthographic: 0
  orthographic size: 5
  m_Depth: 1
  m_CullingMask:
    serializedVersion: 2
    m_Bits: 4294967295
  m_RenderingPath: 1
  m_TargetTexture: {fileID: 0}
  m_TargetDisplay: 0
  m_TargetEye: 3
  m_HDR: 1
  m_AllowMSAA: 1
  m_AllowDynamicResolution: 0
  m_ForceIntoRT: 1
  m_OcclusionCulling: 1
  m_StereoConvergence: 10
  m_StereoSeparation: 0.022
--- !u!4 &599605694
Transform:
  m_ObjectHideFlags: 0
  m_CorrespondingSourceObject: {fileID: 0}
  m_PrefabInstance: {fileID: 0}
  m_PrefabAsset: {fileID: 0}
  m_GameObject: {fileID: 599605688}
  m_LocalRotation: {x: -0.011463064, y: 0.87076074, z: -0.020323388, w: -0.4911529}
  m_LocalPosition: {x: 4.973, y: 1.251, z: 3.368}
  m_LocalScale: {x: 1, y: 1, z: 1}
  m_ConstrainProportionsScale: 0
  m_Children:
  - {fileID: 2027388529}
  - {fileID: 562591753}
  m_Father: {fileID: 0}
  m_RootOrder: 4
  m_LocalEulerAnglesHint: {x: 2.674, y: 238.85, z: 0}
--- !u!114 &599605695
MonoBehaviour:
  m_ObjectHideFlags: 0
  m_CorrespondingSourceObject: {fileID: 0}
  m_PrefabInstance: {fileID: 0}
  m_PrefabAsset: {fileID: 0}
  m_GameObject: {fileID: 599605688}
  m_Enabled: 1
  m_EditorHideFlags: 0
  m_Script: {fileID: 11500000, guid: 6bca4eab5005248599f229335afda9e4, type: 3}
  m_Name: 
  m_EditorClassIdentifier: 
  Mode: 0
  material: {fileID: 2046736441}
  FXAAMat: {fileID: 2002974232}
  LutContribution: 1
  LutMode: 0
  PaintRadius: 0
  PaintBlurLevel: 0
  LookupTexture: {fileID: 2800000, guid: 41da023b39a0f49f5b275949d2e99f7c, type: 3}
  PixelSize: 1
  CelCuts: 255
  BasicSettings:
    TintColor: {r: 1, g: 1, b: 1, a: 1}
    Hue: 0
    Saturation: 0.04
    Brightness: 0
    Contrast: -0.04
    Sharpness: 0.079
  GrainSettings:
    Contribution: 0
    Size: 1
  VignetteSettings:
    Contribution: 0
    Color: {r: 0, g: 0, b: 0, a: 1}
  ScanlineSettings:
    Contribution: 0
    Color: {r: 1, g: 1, b: 1, a: 1}
    ScanlineX: 0
    ScanlineY: 0
  FresnelSettings:
    Contribution: 0.728
    FresnelPower: 7
    FresnelColor: {r: 1, g: 1, b: 1, a: 1}
    FresnelScanlineX: 0
    FresnelScanlineY: 0
  FogSettings:
    Contribution: 0
    DepthLevel: 0.001
    DepthClippingFar: 0.001
    FogColor: {r: 1, g: 0.28773582, b: 0.94692945, a: 1}
    ForegroundColor: {r: 1, g: 1, b: 1, a: 1}
  OutlineSettings:
    Contribution: 0
    Color: {r: 0, g: 0, b: 0, a: 1}
    NormalMult: 0
    NormalBias: 1
    DepthMult: 1
    DepthBias: 1
  FXAASettings:
    Enable: 1
    SubpixelBlending: 1
    LowQuality: 0
  DebugSlider: 0
  EnableTouchSlider: 0
  IgnoreSkybox: 0
--- !u!1 &671406192
GameObject:
  m_ObjectHideFlags: 0
  m_CorrespondingSourceObject: {fileID: 0}
  m_PrefabInstance: {fileID: 0}
  m_PrefabAsset: {fileID: 0}
  serializedVersion: 6
  m_Component:
  - component: {fileID: 671406195}
  - component: {fileID: 671406194}
  - component: {fileID: 671406193}
  m_Layer: 0
  m_Name: Point Light
  m_TagString: Untagged
  m_Icon: {fileID: 0}
  m_NavMeshLayer: 0
  m_StaticEditorFlags: 0
  m_IsActive: 1
--- !u!114 &671406193
MonoBehaviour:
  m_ObjectHideFlags: 0
  m_CorrespondingSourceObject: {fileID: 0}
  m_PrefabInstance: {fileID: 0}
  m_PrefabAsset: {fileID: 0}
  m_GameObject: {fileID: 671406192}
  m_Enabled: 1
  m_EditorHideFlags: 0
  m_Script: {fileID: 11500000, guid: 474bcb49853aa07438625e644c072ee6, type: 3}
  m_Name: 
  m_EditorClassIdentifier: 
  m_Version: 1
  m_UsePipelineSettings: 1
  m_AdditionalLightsShadowResolutionTier: 2
  m_LightLayerMask: 1
  m_CustomShadowLayers: 0
  m_ShadowLayerMask: 1
  m_LightCookieSize: {x: 1, y: 1}
  m_LightCookieOffset: {x: 0, y: 0}
--- !u!108 &671406194
Light:
  m_ObjectHideFlags: 0
  m_CorrespondingSourceObject: {fileID: 0}
  m_PrefabInstance: {fileID: 0}
  m_PrefabAsset: {fileID: 0}
  m_GameObject: {fileID: 671406192}
  m_Enabled: 1
  serializedVersion: 10
  m_Type: 2
  m_Shape: 0
  m_Color: {r: 1, g: 1, b: 1, a: 1}
  m_Intensity: 0.1
  m_Range: 1.55
  m_SpotAngle: 30
  m_InnerSpotAngle: 21.80208
  m_CookieSize: 10
  m_Shadows:
    m_Type: 0
    m_Resolution: -1
    m_CustomResolution: -1
    m_Strength: 1
    m_Bias: 0.05
    m_NormalBias: 0.4
    m_NearPlane: 0.2
    m_CullingMatrixOverride:
      e00: 1
      e01: 0
      e02: 0
      e03: 0
      e10: 0
      e11: 1
      e12: 0
      e13: 0
      e20: 0
      e21: 0
      e22: 1
      e23: 0
      e30: 0
      e31: 0
      e32: 0
      e33: 1
    m_UseCullingMatrixOverride: 0
  m_Cookie: {fileID: 0}
  m_DrawHalo: 0
  m_Flare: {fileID: 0}
  m_RenderMode: 0
  m_CullingMask:
    serializedVersion: 2
    m_Bits: 3895
  m_RenderingLayerMask: 1
  m_Lightmapping: 1
  m_LightShadowCasterMode: 0
  m_AreaSize: {x: 1, y: 1}
  m_BounceIntensity: 1
  m_ColorTemperature: 6570
  m_UseColorTemperature: 0
  m_BoundingSphereOverride: {x: 0, y: 0, z: 0, w: 0}
  m_UseBoundingSphereOverride: 0
  m_UseViewFrustumForShadowCasterCull: 1
  m_ShadowRadius: 0
  m_ShadowAngle: 0
--- !u!4 &671406195
Transform:
  m_ObjectHideFlags: 0
  m_CorrespondingSourceObject: {fileID: 0}
  m_PrefabInstance: {fileID: 0}
  m_PrefabAsset: {fileID: 0}
  m_GameObject: {fileID: 671406192}
  m_LocalRotation: {x: -0, y: -0, z: -0, w: 1}
  m_LocalPosition: {x: -0.68030417, y: -0.54782456, z: -2.6587796}
  m_LocalScale: {x: 1.1259726, y: 1, z: 1}
  m_ConstrainProportionsScale: 0
  m_Children: []
  m_Father: {fileID: 326763669}
  m_RootOrder: 0
  m_LocalEulerAnglesHint: {x: 0, y: 0, z: 0}
--- !u!1 &691417271
GameObject:
  m_ObjectHideFlags: 0
  m_CorrespondingSourceObject: {fileID: 0}
  m_PrefabInstance: {fileID: 0}
  m_PrefabAsset: {fileID: 0}
  serializedVersion: 6
  m_Component:
  - component: {fileID: 691417274}
  - component: {fileID: 691417273}
  - component: {fileID: 691417272}
  m_Layer: 0
  m_Name: Point Light (2)
  m_TagString: Untagged
  m_Icon: {fileID: 0}
  m_NavMeshLayer: 0
  m_StaticEditorFlags: 0
  m_IsActive: 1
--- !u!114 &691417272
MonoBehaviour:
  m_ObjectHideFlags: 0
  m_CorrespondingSourceObject: {fileID: 0}
  m_PrefabInstance: {fileID: 0}
  m_PrefabAsset: {fileID: 0}
  m_GameObject: {fileID: 691417271}
  m_Enabled: 1
  m_EditorHideFlags: 0
  m_Script: {fileID: 11500000, guid: 474bcb49853aa07438625e644c072ee6, type: 3}
  m_Name: 
  m_EditorClassIdentifier: 
  m_Version: 1
  m_UsePipelineSettings: 1
  m_AdditionalLightsShadowResolutionTier: 2
  m_LightLayerMask: 1
  m_CustomShadowLayers: 0
  m_ShadowLayerMask: 1
  m_LightCookieSize: {x: 1, y: 1}
  m_LightCookieOffset: {x: 0, y: 0}
--- !u!108 &691417273
Light:
  m_ObjectHideFlags: 0
  m_CorrespondingSourceObject: {fileID: 0}
  m_PrefabInstance: {fileID: 0}
  m_PrefabAsset: {fileID: 0}
  m_GameObject: {fileID: 691417271}
  m_Enabled: 1
  serializedVersion: 10
  m_Type: 2
  m_Shape: 0
  m_Color: {r: 1, g: 1, b: 1, a: 1}
  m_Intensity: 5
  m_Range: 1.55
  m_SpotAngle: 101
  m_InnerSpotAngle: 21.80208
  m_CookieSize: 10
  m_Shadows:
    m_Type: 0
    m_Resolution: -1
    m_CustomResolution: -1
    m_Strength: 1
    m_Bias: 0.05
    m_NormalBias: 0.4
    m_NearPlane: 0.2
    m_CullingMatrixOverride:
      e00: 1
      e01: 0
      e02: 0
      e03: 0
      e10: 0
      e11: 1
      e12: 0
      e13: 0
      e20: 0
      e21: 0
      e22: 1
      e23: 0
      e30: 0
      e31: 0
      e32: 0
      e33: 1
    m_UseCullingMatrixOverride: 0
  m_Cookie: {fileID: 0}
  m_DrawHalo: 0
  m_Flare: {fileID: 0}
  m_RenderMode: 0
  m_CullingMask:
    serializedVersion: 2
    m_Bits: 3895
  m_RenderingLayerMask: 1
  m_Lightmapping: 1
  m_LightShadowCasterMode: 0
  m_AreaSize: {x: 1, y: 1}
  m_BounceIntensity: 2.35
  m_ColorTemperature: 6570
  m_UseColorTemperature: 0
  m_BoundingSphereOverride: {x: 0, y: 0, z: 0, w: 0}
  m_UseBoundingSphereOverride: 0
  m_UseViewFrustumForShadowCasterCull: 1
  m_ShadowRadius: 0
  m_ShadowAngle: 0
--- !u!4 &691417274
Transform:
  m_ObjectHideFlags: 0
  m_CorrespondingSourceObject: {fileID: 0}
  m_PrefabInstance: {fileID: 0}
  m_PrefabAsset: {fileID: 0}
  m_GameObject: {fileID: 691417271}
  m_LocalRotation: {x: 0.9661185, y: 0.0025656174, z: 0.008176687, w: 0.25795653}
  m_LocalPosition: {x: 1.284, y: 0.129, z: -3.73}
  m_LocalScale: {x: 1.1259726, y: 1, z: 1}
  m_ConstrainProportionsScale: 0
  m_Children: []
  m_Father: {fileID: 326763669}
  m_RootOrder: 2
  m_LocalEulerAnglesHint: {x: 150.106, y: -1.132019, z: -0.60601807}
--- !u!1 &912800616
GameObject:
  m_ObjectHideFlags: 0
  m_CorrespondingSourceObject: {fileID: 0}
  m_PrefabInstance: {fileID: 0}
  m_PrefabAsset: {fileID: 0}
  serializedVersion: 6
  m_Component:
  - component: {fileID: 912800619}
  - component: {fileID: 912800618}
  - component: {fileID: 912800617}
  m_Layer: 0
  m_Name: Point Light (1)
  m_TagString: Untagged
  m_Icon: {fileID: 0}
  m_NavMeshLayer: 0
  m_StaticEditorFlags: 0
  m_IsActive: 1
--- !u!114 &912800617
MonoBehaviour:
  m_ObjectHideFlags: 0
  m_CorrespondingSourceObject: {fileID: 0}
  m_PrefabInstance: {fileID: 0}
  m_PrefabAsset: {fileID: 0}
  m_GameObject: {fileID: 912800616}
  m_Enabled: 1
  m_EditorHideFlags: 0
  m_Script: {fileID: 11500000, guid: 474bcb49853aa07438625e644c072ee6, type: 3}
  m_Name: 
  m_EditorClassIdentifier: 
  m_Version: 1
  m_UsePipelineSettings: 1
  m_AdditionalLightsShadowResolutionTier: 2
  m_LightLayerMask: 1
  m_CustomShadowLayers: 0
  m_ShadowLayerMask: 1
  m_LightCookieSize: {x: 1, y: 1}
  m_LightCookieOffset: {x: 0, y: 0}
--- !u!108 &912800618
Light:
  m_ObjectHideFlags: 0
  m_CorrespondingSourceObject: {fileID: 0}
  m_PrefabInstance: {fileID: 0}
  m_PrefabAsset: {fileID: 0}
  m_GameObject: {fileID: 912800616}
  m_Enabled: 1
  serializedVersion: 10
  m_Type: 2
  m_Shape: 0
  m_Color: {r: 1, g: 1, b: 1, a: 1}
  m_Intensity: 0.1
  m_Range: 1.55
  m_SpotAngle: 30
  m_InnerSpotAngle: 21.80208
  m_CookieSize: 10
  m_Shadows:
    m_Type: 0
    m_Resolution: -1
    m_CustomResolution: -1
    m_Strength: 1
    m_Bias: 0.05
    m_NormalBias: 0.4
    m_NearPlane: 0.2
    m_CullingMatrixOverride:
      e00: 1
      e01: 0
      e02: 0
      e03: 0
      e10: 0
      e11: 1
      e12: 0
      e13: 0
      e20: 0
      e21: 0
      e22: 1
      e23: 0
      e30: 0
      e31: 0
      e32: 0
      e33: 1
    m_UseCullingMatrixOverride: 0
  m_Cookie: {fileID: 0}
  m_DrawHalo: 0
  m_Flare: {fileID: 0}
  m_RenderMode: 0
  m_CullingMask:
    serializedVersion: 2
    m_Bits: 3895
  m_RenderingLayerMask: 1
  m_Lightmapping: 1
  m_LightShadowCasterMode: 0
  m_AreaSize: {x: 1, y: 1}
  m_BounceIntensity: 1
  m_ColorTemperature: 6570
  m_UseColorTemperature: 0
  m_BoundingSphereOverride: {x: 0, y: 0, z: 0, w: 0}
  m_UseBoundingSphereOverride: 0
  m_UseViewFrustumForShadowCasterCull: 1
  m_ShadowRadius: 0
  m_ShadowAngle: 0
--- !u!4 &912800619
Transform:
  m_ObjectHideFlags: 0
  m_CorrespondingSourceObject: {fileID: 0}
  m_PrefabInstance: {fileID: 0}
  m_PrefabAsset: {fileID: 0}
  m_GameObject: {fileID: 912800616}
  m_LocalRotation: {x: -0, y: -0, z: -0, w: 1}
  m_LocalPosition: {x: -3.214304, y: -0.18482459, z: -0.6777797}
  m_LocalScale: {x: 1.1259726, y: 1, z: 1}
  m_ConstrainProportionsScale: 0
  m_Children: []
  m_Father: {fileID: 326763669}
  m_RootOrder: 1
  m_LocalEulerAnglesHint: {x: 0, y: 0, z: 0}
--- !u!1 &988527749
GameObject:
  m_ObjectHideFlags: 0
  m_CorrespondingSourceObject: {fileID: 0}
  m_PrefabInstance: {fileID: 0}
  m_PrefabAsset: {fileID: 0}
  serializedVersion: 6
  m_Component:
  - component: {fileID: 988527750}
  - component: {fileID: 988527752}
  - component: {fileID: 988527751}
  m_Layer: 0
  m_Name: Light For Cat Only
  m_TagString: Untagged
  m_Icon: {fileID: 0}
  m_NavMeshLayer: 0
  m_StaticEditorFlags: 0
  m_IsActive: 1
--- !u!4 &988527750
Transform:
  m_ObjectHideFlags: 0
  m_CorrespondingSourceObject: {fileID: 0}
  m_PrefabInstance: {fileID: 0}
  m_PrefabAsset: {fileID: 0}
  m_GameObject: {fileID: 988527749}
  m_LocalRotation: {x: -0.6840295, y: -0.17189492, z: -0.64747804, w: -0.28866598}
  m_LocalPosition: {x: -0.82530415, y: 1.2451754, z: -0.12877941}
  m_LocalScale: {x: 1, y: 1, z: 1}
  m_ConstrainProportionsScale: 0
  m_Children: []
  m_Father: {fileID: 326763669}
  m_RootOrder: 8
  m_LocalEulerAnglesHint: {x: 170.078, y: -90.297, z: -398.186}
--- !u!114 &988527751
MonoBehaviour:
  m_ObjectHideFlags: 0
  m_CorrespondingSourceObject: {fileID: 0}
  m_PrefabInstance: {fileID: 0}
  m_PrefabAsset: {fileID: 0}
  m_GameObject: {fileID: 988527749}
  m_Enabled: 1
  m_EditorHideFlags: 0
  m_Script: {fileID: 11500000, guid: 474bcb49853aa07438625e644c072ee6, type: 3}
  m_Name: 
  m_EditorClassIdentifier: 
--- !u!108 &988527752
Light:
  m_ObjectHideFlags: 0
  m_CorrespondingSourceObject: {fileID: 0}
  m_PrefabInstance: {fileID: 0}
  m_PrefabAsset: {fileID: 0}
  m_GameObject: {fileID: 988527749}
  m_Enabled: 1
  serializedVersion: 10
  m_Type: 1
  m_Shape: 0
  m_Color: {r: 1, g: 1, b: 1, a: 1}
  m_Intensity: 1.2
  m_Range: 10
  m_SpotAngle: 30
  m_InnerSpotAngle: 21.802082
  m_CookieSize: 10
  m_Shadows:
    m_Type: 2
    m_Resolution: -1
    m_CustomResolution: -1
    m_Strength: 0.938
    m_Bias: 0.05
    m_NormalBias: 0
    m_NearPlane: 0.1
    m_CullingMatrixOverride:
      e00: 1
      e01: 0
      e02: 0
      e03: 0
      e10: 0
      e11: 1
      e12: 0
      e13: 0
      e20: 0
      e21: 0
      e22: 1
      e23: 0
      e30: 0
      e31: 0
      e32: 0
      e33: 1
    m_UseCullingMatrixOverride: 0
  m_Cookie: {fileID: 0}
  m_DrawHalo: 0
  m_Flare: {fileID: 0}
  m_RenderMode: 0
  m_CullingMask:
    serializedVersion: 2
    m_Bits: 8
  m_RenderingLayerMask: 1
  m_Lightmapping: 2
  m_LightShadowCasterMode: 0
  m_AreaSize: {x: 1, y: 1}
  m_BounceIntensity: 1.95
  m_ColorTemperature: 6570
  m_UseColorTemperature: 0
  m_BoundingSphereOverride: {x: 0, y: 9.305157e-32, z: 4.578e-41, w: 0}
  m_UseBoundingSphereOverride: 0
  m_UseViewFrustumForShadowCasterCull: 1
  m_ShadowRadius: 0
  m_ShadowAngle: 0
--- !u!1001 &996620820
PrefabInstance:
  m_ObjectHideFlags: 0
  serializedVersion: 2
  m_Modification:
    m_TransformParent: {fileID: 0}
    m_Modifications:
    - target: {fileID: -8679921383154817045, guid: e7fe32b49c78d3c44abc1e29793eff30,
        type: 3}
      propertyPath: m_RootOrder
      value: 6
      objectReference: {fileID: 0}
    - target: {fileID: -8679921383154817045, guid: e7fe32b49c78d3c44abc1e29793eff30,
        type: 3}
      propertyPath: m_LocalScale.x
      value: 164.6615
      objectReference: {fileID: 0}
    - target: {fileID: -8679921383154817045, guid: e7fe32b49c78d3c44abc1e29793eff30,
        type: 3}
      propertyPath: m_LocalScale.y
      value: 164.6615
      objectReference: {fileID: 0}
    - target: {fileID: -8679921383154817045, guid: e7fe32b49c78d3c44abc1e29793eff30,
        type: 3}
      propertyPath: m_LocalScale.z
      value: 164.6615
      objectReference: {fileID: 0}
    - target: {fileID: -8679921383154817045, guid: e7fe32b49c78d3c44abc1e29793eff30,
        type: 3}
      propertyPath: m_LocalPosition.x
      value: -3.9982345
      objectReference: {fileID: 0}
    - target: {fileID: -8679921383154817045, guid: e7fe32b49c78d3c44abc1e29793eff30,
        type: 3}
      propertyPath: m_LocalPosition.y
      value: 0.47
      objectReference: {fileID: 0}
    - target: {fileID: -8679921383154817045, guid: e7fe32b49c78d3c44abc1e29793eff30,
        type: 3}
      propertyPath: m_LocalPosition.z
      value: -8.907602
      objectReference: {fileID: 0}
    - target: {fileID: -8679921383154817045, guid: e7fe32b49c78d3c44abc1e29793eff30,
        type: 3}
      propertyPath: m_LocalRotation.w
      value: 1
      objectReference: {fileID: 0}
    - target: {fileID: -8679921383154817045, guid: e7fe32b49c78d3c44abc1e29793eff30,
        type: 3}
      propertyPath: m_LocalRotation.x
      value: 0
      objectReference: {fileID: 0}
    - target: {fileID: -8679921383154817045, guid: e7fe32b49c78d3c44abc1e29793eff30,
        type: 3}
      propertyPath: m_LocalRotation.y
      value: -0
      objectReference: {fileID: 0}
    - target: {fileID: -8679921383154817045, guid: e7fe32b49c78d3c44abc1e29793eff30,
        type: 3}
      propertyPath: m_LocalRotation.z
      value: -0
      objectReference: {fileID: 0}
    - target: {fileID: -8679921383154817045, guid: e7fe32b49c78d3c44abc1e29793eff30,
        type: 3}
      propertyPath: m_LocalEulerAnglesHint.x
      value: 0
      objectReference: {fileID: 0}
    - target: {fileID: -8679921383154817045, guid: e7fe32b49c78d3c44abc1e29793eff30,
        type: 3}
      propertyPath: m_LocalEulerAnglesHint.y
      value: 0
      objectReference: {fileID: 0}
    - target: {fileID: -8679921383154817045, guid: e7fe32b49c78d3c44abc1e29793eff30,
        type: 3}
      propertyPath: m_LocalEulerAnglesHint.z
      value: 0
      objectReference: {fileID: 0}
    - target: {fileID: 919132149155446097, guid: e7fe32b49c78d3c44abc1e29793eff30,
        type: 3}
      propertyPath: m_Name
      value: Sky
      objectReference: {fileID: 0}
    m_RemovedComponents: []
  m_SourcePrefab: {fileID: 100100000, guid: e7fe32b49c78d3c44abc1e29793eff30, type: 3}
--- !u!1001 &1037195640
PrefabInstance:
  m_ObjectHideFlags: 0
  serializedVersion: 2
  m_Modification:
    m_TransformParent: {fileID: 0}
    m_Modifications:
    - target: {fileID: -9062376708137315578, guid: fbc3c990ee00649469edaec4efb3edb8,
        type: 3}
      propertyPath: m_Layer
      value: 3
      objectReference: {fileID: 0}
    - target: {fileID: -8679921383154817045, guid: fbc3c990ee00649469edaec4efb3edb8,
        type: 3}
      propertyPath: m_RootOrder
      value: 0
      objectReference: {fileID: 0}
    - target: {fileID: -8679921383154817045, guid: fbc3c990ee00649469edaec4efb3edb8,
        type: 3}
      propertyPath: m_LocalPosition.x
      value: 0.603
      objectReference: {fileID: 0}
    - target: {fileID: -8679921383154817045, guid: fbc3c990ee00649469edaec4efb3edb8,
        type: 3}
      propertyPath: m_LocalPosition.y
      value: 0.0054015517
      objectReference: {fileID: 0}
    - target: {fileID: -8679921383154817045, guid: fbc3c990ee00649469edaec4efb3edb8,
        type: 3}
      propertyPath: m_LocalPosition.z
      value: 1.591
      objectReference: {fileID: 0}
    - target: {fileID: -8679921383154817045, guid: fbc3c990ee00649469edaec4efb3edb8,
        type: 3}
      propertyPath: m_LocalRotation.w
      value: 0.8274904
      objectReference: {fileID: 0}
    - target: {fileID: -8679921383154817045, guid: fbc3c990ee00649469edaec4efb3edb8,
        type: 3}
      propertyPath: m_LocalRotation.x
      value: -0
      objectReference: {fileID: 0}
    - target: {fileID: -8679921383154817045, guid: fbc3c990ee00649469edaec4efb3edb8,
        type: 3}
      propertyPath: m_LocalRotation.y
      value: 0.5614799
      objectReference: {fileID: 0}
    - target: {fileID: -8679921383154817045, guid: fbc3c990ee00649469edaec4efb3edb8,
        type: 3}
      propertyPath: m_LocalRotation.z
      value: -0
      objectReference: {fileID: 0}
    - target: {fileID: -8679921383154817045, guid: fbc3c990ee00649469edaec4efb3edb8,
        type: 3}
      propertyPath: m_LocalEulerAnglesHint.x
      value: 0
      objectReference: {fileID: 0}
    - target: {fileID: -8679921383154817045, guid: fbc3c990ee00649469edaec4efb3edb8,
        type: 3}
      propertyPath: m_LocalEulerAnglesHint.y
      value: 68.316
      objectReference: {fileID: 0}
    - target: {fileID: -8679921383154817045, guid: fbc3c990ee00649469edaec4efb3edb8,
        type: 3}
      propertyPath: m_LocalEulerAnglesHint.z
      value: 0
      objectReference: {fileID: 0}
    - target: {fileID: -911436358079995368, guid: fbc3c990ee00649469edaec4efb3edb8,
        type: 3}
      propertyPath: m_Layer
      value: 3
      objectReference: {fileID: 0}
    - target: {fileID: 919132149155446097, guid: fbc3c990ee00649469edaec4efb3edb8,
        type: 3}
      propertyPath: m_Name
      value: tom
      objectReference: {fileID: 0}
    - target: {fileID: 919132149155446097, guid: fbc3c990ee00649469edaec4efb3edb8,
        type: 3}
      propertyPath: m_Layer
      value: 3
      objectReference: {fileID: 0}
    - target: {fileID: 2928398717645805762, guid: fbc3c990ee00649469edaec4efb3edb8,
        type: 3}
      propertyPath: m_CastShadows
      value: 0
      objectReference: {fileID: 0}
    - target: {fileID: 6724773434115777751, guid: fbc3c990ee00649469edaec4efb3edb8,
        type: 3}
      propertyPath: m_Layer
      value: 3
      objectReference: {fileID: 0}
    - target: {fileID: 8956698868031080307, guid: fbc3c990ee00649469edaec4efb3edb8,
        type: 3}
      propertyPath: m_CastShadows
      value: 1
      objectReference: {fileID: 0}
    - target: {fileID: 9204227280302910259, guid: fbc3c990ee00649469edaec4efb3edb8,
        type: 3}
      propertyPath: m_Layer
      value: 3
      objectReference: {fileID: 0}
    m_RemovedComponents: []
  m_SourcePrefab: {fileID: 100100000, guid: fbc3c990ee00649469edaec4efb3edb8, type: 3}
--- !u!1 &1153588604
GameObject:
  m_ObjectHideFlags: 0
  m_CorrespondingSourceObject: {fileID: 0}
  m_PrefabInstance: {fileID: 0}
  m_PrefabAsset: {fileID: 0}
  serializedVersion: 6
  m_Component:
  - component: {fileID: 1153588605}
  - component: {fileID: 1153588607}
  - component: {fileID: 1153588606}
  m_Layer: 0
  m_Name: model_0:cat_bed_penzai_03 (1)
  m_TagString: Untagged
  m_Icon: {fileID: 0}
  m_NavMeshLayer: 0
  m_StaticEditorFlags: 0
  m_IsActive: 1
--- !u!4 &1153588605
Transform:
  m_ObjectHideFlags: 0
  m_CorrespondingSourceObject: {fileID: 0}
  m_PrefabInstance: {fileID: 0}
  m_PrefabAsset: {fileID: 0}
  m_GameObject: {fileID: 1153588604}
  m_LocalRotation: {x: 0, y: -0, z: -0, w: 1}
  m_LocalPosition: {x: -1.815, y: 0.384, z: 2.404}
  m_LocalScale: {x: 1.4243, y: 1.4243, z: 1.4243}
  m_ConstrainProportionsScale: 0
  m_Children: []
  m_Father: {fileID: 1656765111}
  m_RootOrder: 25
  m_LocalEulerAnglesHint: {x: 0, y: 0, z: 0}
--- !u!23 &1153588606
MeshRenderer:
  m_ObjectHideFlags: 0
  m_CorrespondingSourceObject: {fileID: 0}
  m_PrefabInstance: {fileID: 0}
  m_PrefabAsset: {fileID: 0}
  m_GameObject: {fileID: 1153588604}
  m_Enabled: 1
  m_CastShadows: 1
  m_ReceiveShadows: 1
  m_DynamicOccludee: 1
  m_StaticShadowCaster: 0
  m_MotionVectors: 1
  m_LightProbeUsage: 1
  m_ReflectionProbeUsage: 1
  m_RayTracingMode: 2
  m_RayTraceProcedural: 0
  m_RenderingLayerMask: 1
  m_RendererPriority: 0
  m_Materials:
  - {fileID: 2100000, guid: 0a775fe01b6011e4787c0581d46ef21e, type: 2}
  m_StaticBatchInfo:
    firstSubMesh: 0
    subMeshCount: 0
  m_StaticBatchRoot: {fileID: 0}
  m_ProbeAnchor: {fileID: 0}
  m_LightProbeVolumeOverride: {fileID: 0}
  m_ScaleInLightmap: 1
  m_ReceiveGI: 1
  m_PreserveUVs: 0
  m_IgnoreNormalsForChartDetection: 0
  m_ImportantGI: 0
  m_StitchLightmapSeams: 1
  m_SelectedEditorRenderState: 3
  m_MinimumChartSize: 4
  m_AutoUVMaxDistance: 0.5
  m_AutoUVMaxAngle: 89
  m_LightmapParameters: {fileID: 0}
  m_SortingLayerID: 0
  m_SortingLayer: 0
  m_SortingOrder: 0
  m_AdditionalVertexStreams: {fileID: 0}
--- !u!33 &1153588607
MeshFilter:
  m_ObjectHideFlags: 0
  m_CorrespondingSourceObject: {fileID: 0}
  m_PrefabInstance: {fileID: 0}
  m_PrefabAsset: {fileID: 0}
  m_GameObject: {fileID: 1153588604}
  m_Mesh: {fileID: 529985827622579432, guid: a5fbd53286a0690409dc6a6b43552c13, type: 3}
--- !u!1 &1311148124
GameObject:
  m_ObjectHideFlags: 0
  m_CorrespondingSourceObject: {fileID: 0}
  m_PrefabInstance: {fileID: 0}
  m_PrefabAsset: {fileID: 0}
  serializedVersion: 6
  m_Component:
  - component: {fileID: 1311148125}
  - component: {fileID: 1311148127}
  - component: {fileID: 1311148126}
  m_Layer: 0
  m_Name: Point Light (4)
  m_TagString: Untagged
  m_Icon: {fileID: 0}
  m_NavMeshLayer: 0
  m_StaticEditorFlags: 0
  m_IsActive: 1
--- !u!4 &1311148125
Transform:
  m_ObjectHideFlags: 0
  m_CorrespondingSourceObject: {fileID: 0}
  m_PrefabInstance: {fileID: 0}
  m_PrefabAsset: {fileID: 0}
  m_GameObject: {fileID: 1311148124}
  m_LocalRotation: {x: -0.0016532965, y: 0.00856116, z: -0.000383629, w: 0.9999619}
  m_LocalPosition: {x: -2.787, y: 1.99, z: -3.733}
  m_LocalScale: {x: 1.1259726, y: 1, z: 1}
  m_ConstrainProportionsScale: 0
  m_Children: []
  m_Father: {fileID: 326763669}
  m_RootOrder: 5
  m_LocalEulerAnglesHint: {x: -0.189, y: 0.981, z: -0.046}
--- !u!114 &1311148126
MonoBehaviour:
  m_ObjectHideFlags: 0
  m_CorrespondingSourceObject: {fileID: 0}
  m_PrefabInstance: {fileID: 0}
  m_PrefabAsset: {fileID: 0}
  m_GameObject: {fileID: 1311148124}
  m_Enabled: 1
  m_EditorHideFlags: 0
  m_Script: {fileID: 11500000, guid: 474bcb49853aa07438625e644c072ee6, type: 3}
  m_Name: 
  m_EditorClassIdentifier: 
--- !u!108 &1311148127
Light:
  m_ObjectHideFlags: 0
  m_CorrespondingSourceObject: {fileID: 0}
  m_PrefabInstance: {fileID: 0}
  m_PrefabAsset: {fileID: 0}
  m_GameObject: {fileID: 1311148124}
  m_Enabled: 1
  serializedVersion: 10
  m_Type: 2
  m_Shape: 0
  m_Color: {r: 1, g: 0.3726415, b: 0.92682064, a: 1}
  m_Intensity: 1
  m_Range: 5.66
  m_SpotAngle: 30
  m_InnerSpotAngle: 21.80208
  m_CookieSize: 10
  m_Shadows:
    m_Type: 0
    m_Resolution: -1
    m_CustomResolution: -1
    m_Strength: 1
    m_Bias: 0.05
    m_NormalBias: 0.4
    m_NearPlane: 0.2
    m_CullingMatrixOverride:
      e00: 1
      e01: 0
      e02: 0
      e03: 0
      e10: 0
      e11: 1
      e12: 0
      e13: 0
      e20: 0
      e21: 0
      e22: 1
      e23: 0
      e30: 0
      e31: 0
      e32: 0
      e33: 1
    m_UseCullingMatrixOverride: 0
  m_Cookie: {fileID: 0}
  m_DrawHalo: 0
  m_Flare: {fileID: 0}
  m_RenderMode: 0
  m_CullingMask:
    serializedVersion: 2
    m_Bits: 3895
  m_RenderingLayerMask: 1
  m_Lightmapping: 1
  m_LightShadowCasterMode: 0
  m_AreaSize: {x: 1, y: 1}
  m_BounceIntensity: 1
  m_ColorTemperature: 6570
  m_UseColorTemperature: 0
  m_BoundingSphereOverride: {x: 0, y: 0, z: 0, w: 0}
  m_UseBoundingSphereOverride: 0
  m_UseViewFrustumForShadowCasterCull: 1
  m_ShadowRadius: 0
  m_ShadowAngle: 0
--- !u!1 &1346013390
GameObject:
  m_ObjectHideFlags: 0
  m_CorrespondingSourceObject: {fileID: 0}
  m_PrefabInstance: {fileID: 0}
  m_PrefabAsset: {fileID: 0}
  serializedVersion: 6
  m_Component:
  - component: {fileID: 1346013393}
  - component: {fileID: 1346013392}
  - component: {fileID: 1346013391}
  - component: {fileID: 1346013394}
  m_Layer: 0
  m_Name: Point Light (3)
  m_TagString: Untagged
  m_Icon: {fileID: 0}
  m_NavMeshLayer: 0
  m_StaticEditorFlags: 0
  m_IsActive: 1
--- !u!114 &1346013391
MonoBehaviour:
  m_ObjectHideFlags: 0
  m_CorrespondingSourceObject: {fileID: 0}
  m_PrefabInstance: {fileID: 0}
  m_PrefabAsset: {fileID: 0}
  m_GameObject: {fileID: 1346013390}
  m_Enabled: 1
  m_EditorHideFlags: 0
  m_Script: {fileID: 11500000, guid: 474bcb49853aa07438625e644c072ee6, type: 3}
  m_Name: 
  m_EditorClassIdentifier: 
  m_Version: 1
  m_UsePipelineSettings: 1
  m_AdditionalLightsShadowResolutionTier: 2
  m_LightLayerMask: 1
  m_CustomShadowLayers: 0
  m_ShadowLayerMask: 1
  m_LightCookieSize: {x: 1, y: 1}
  m_LightCookieOffset: {x: 0, y: 0}
--- !u!108 &1346013392
Light:
  m_ObjectHideFlags: 0
  m_CorrespondingSourceObject: {fileID: 0}
  m_PrefabInstance: {fileID: 0}
  m_PrefabAsset: {fileID: 0}
  m_GameObject: {fileID: 1346013390}
  m_Enabled: 1
  serializedVersion: 10
  m_Type: 2
  m_Shape: 0
  m_Color: {r: 1, g: 0.8349056, b: 0.9936009, a: 1}
  m_Intensity: 2
  m_Range: 3
  m_SpotAngle: 30
  m_InnerSpotAngle: 21.80208
  m_CookieSize: 10
  m_Shadows:
    m_Type: 2
    m_Resolution: 3
    m_CustomResolution: -1
    m_Strength: 1
    m_Bias: 0.05
    m_NormalBias: 0.4
    m_NearPlane: 0.2
    m_CullingMatrixOverride:
      e00: 1
      e01: 0
      e02: 0
      e03: 0
      e10: 0
      e11: 1
      e12: 0
      e13: 0
      e20: 0
      e21: 0
      e22: 1
      e23: 0
      e30: 0
      e31: 0
      e32: 0
      e33: 1
    m_UseCullingMatrixOverride: 0
  m_Cookie: {fileID: 0}
  m_DrawHalo: 0
  m_Flare: {fileID: 0}
  m_RenderMode: 0
  m_CullingMask:
    serializedVersion: 2
    m_Bits: 3895
  m_RenderingLayerMask: 1
  m_Lightmapping: 1
  m_LightShadowCasterMode: 0
  m_AreaSize: {x: 1, y: 1}
  m_BounceIntensity: 1
  m_ColorTemperature: 6570
  m_UseColorTemperature: 0
  m_BoundingSphereOverride: {x: 0, y: 0, z: 0, w: 0}
  m_UseBoundingSphereOverride: 0
  m_UseViewFrustumForShadowCasterCull: 1
  m_ShadowRadius: 1
  m_ShadowAngle: 0
--- !u!4 &1346013393
Transform:
  m_ObjectHideFlags: 0
  m_CorrespondingSourceObject: {fileID: 0}
  m_PrefabInstance: {fileID: 0}
  m_PrefabAsset: {fileID: 0}
  m_GameObject: {fileID: 1346013390}
  m_LocalRotation: {x: -0.0016532965, y: 0.00856116, z: -0.000383629, w: 0.9999619}
  m_LocalPosition: {x: -0.876, y: -0.938, z: -0.467}
  m_LocalScale: {x: 1.1259726, y: 1, z: 1}
  m_ConstrainProportionsScale: 0
  m_Children: []
  m_Father: {fileID: 326763669}
  m_RootOrder: 3
  m_LocalEulerAnglesHint: {x: -0.189, y: 0.981, z: -0.046}
--- !u!114 &1346013394
MonoBehaviour:
  m_ObjectHideFlags: 0
  m_CorrespondingSourceObject: {fileID: 0}
  m_PrefabInstance: {fileID: 0}
  m_PrefabAsset: {fileID: 0}
  m_GameObject: {fileID: 1346013390}
  m_Enabled: 0
  m_EditorHideFlags: 0
  m_Script: {fileID: 11500000, guid: e52de21a22b6dd44c9cc19f810c65059, type: 3}
  m_Name: 
  m_EditorClassIdentifier: 
  m_Events:
    m_Signals: []
    m_Events: []
--- !u!1 &1439070300
GameObject:
  m_ObjectHideFlags: 0
  m_CorrespondingSourceObject: {fileID: 0}
  m_PrefabInstance: {fileID: 0}
  m_PrefabAsset: {fileID: 0}
  serializedVersion: 6
  m_Component:
  - component: {fileID: 1439070303}
  - component: {fileID: 1439070302}
  - component: {fileID: 1439070301}
  m_Layer: 0
  m_Name: Directional Light
  m_TagString: Untagged
  m_Icon: {fileID: 0}
  m_NavMeshLayer: 0
  m_StaticEditorFlags: 0
  m_IsActive: 1
--- !u!114 &1439070301
MonoBehaviour:
  m_ObjectHideFlags: 0
  m_CorrespondingSourceObject: {fileID: 0}
  m_PrefabInstance: {fileID: 0}
  m_PrefabAsset: {fileID: 0}
  m_GameObject: {fileID: 1439070300}
  m_Enabled: 1
  m_EditorHideFlags: 0
  m_Script: {fileID: 11500000, guid: 474bcb49853aa07438625e644c072ee6, type: 3}
  m_Name: 
  m_EditorClassIdentifier: 
  m_Version: 1
  m_UsePipelineSettings: 1
  m_AdditionalLightsShadowResolutionTier: 2
  m_LightLayerMask: 1
  m_CustomShadowLayers: 0
  m_ShadowLayerMask: 1
  m_LightCookieSize: {x: 1, y: 1}
  m_LightCookieOffset: {x: 0, y: 0}
--- !u!108 &1439070302
Light:
  m_ObjectHideFlags: 0
  m_CorrespondingSourceObject: {fileID: 0}
  m_PrefabInstance: {fileID: 0}
  m_PrefabAsset: {fileID: 0}
  m_GameObject: {fileID: 1439070300}
  m_Enabled: 1
  serializedVersion: 10
  m_Type: 1
  m_Shape: 0
  m_Color: {r: 0.8773585, g: 0.7821734, b: 0.86908156, a: 1}
  m_Intensity: 1.2
  m_Range: 10
  m_SpotAngle: 30
  m_InnerSpotAngle: 21.802082
  m_CookieSize: 10
  m_Shadows:
    m_Type: 2
    m_Resolution: -1
    m_CustomResolution: -1
    m_Strength: 0.938
    m_Bias: 0.05
    m_NormalBias: 0
    m_NearPlane: 0.1
    m_CullingMatrixOverride:
      e00: 1
      e01: 0
      e02: 0
      e03: 0
      e10: 0
      e11: 1
      e12: 0
      e13: 0
      e20: 0
      e21: 0
      e22: 1
      e23: 0
      e30: 0
      e31: 0
      e32: 0
      e33: 1
    m_UseCullingMatrixOverride: 0
  m_Cookie: {fileID: 0}
  m_DrawHalo: 0
  m_Flare: {fileID: 0}
  m_RenderMode: 0
  m_CullingMask:
    serializedVersion: 2
    m_Bits: 55
  m_RenderingLayerMask: 1
  m_Lightmapping: 2
  m_LightShadowCasterMode: 0
  m_AreaSize: {x: 1, y: 1}
  m_BounceIntensity: 1.95
  m_ColorTemperature: 6570
  m_UseColorTemperature: 0
  m_BoundingSphereOverride: {x: 0, y: 9.305157e-32, z: 4.578e-41, w: 0}
  m_UseBoundingSphereOverride: 0
  m_UseViewFrustumForShadowCasterCull: 1
  m_ShadowRadius: 0
  m_ShadowAngle: 0
--- !u!4 &1439070303
Transform:
  m_ObjectHideFlags: 0
  m_CorrespondingSourceObject: {fileID: 0}
  m_PrefabInstance: {fileID: 0}
  m_PrefabAsset: {fileID: 0}
  m_GameObject: {fileID: 1439070300}
  m_LocalRotation: {x: -0.6840295, y: -0.17189492, z: -0.64747804, w: -0.28866598}
  m_LocalPosition: {x: -0.82530415, y: 1.2451754, z: -0.12877941}
  m_LocalScale: {x: 1, y: 1, z: 1}
  m_ConstrainProportionsScale: 0
  m_Children: []
  m_Father: {fileID: 326763669}
  m_RootOrder: 4
  m_LocalEulerAnglesHint: {x: 170.078, y: -90.297, z: -398.186}
--- !u!1 &1638383628
GameObject:
  m_ObjectHideFlags: 0
  m_CorrespondingSourceObject: {fileID: 0}
  m_PrefabInstance: {fileID: 0}
  m_PrefabAsset: {fileID: 0}
  serializedVersion: 6
  m_Component:
  - component: {fileID: 1638383629}
  - component: {fileID: 1638383631}
  - component: {fileID: 1638383630}
  m_Layer: 0
  m_Name: Point Light (5)
  m_TagString: Untagged
  m_Icon: {fileID: 0}
  m_NavMeshLayer: 0
  m_StaticEditorFlags: 0
  m_IsActive: 1
--- !u!4 &1638383629
Transform:
  m_ObjectHideFlags: 0
  m_CorrespondingSourceObject: {fileID: 0}
  m_PrefabInstance: {fileID: 0}
  m_PrefabAsset: {fileID: 0}
  m_GameObject: {fileID: 1638383628}
  m_LocalRotation: {x: 0.9661185, y: 0.0025656174, z: 0.008176687, w: 0.25795653}
  m_LocalPosition: {x: -1.021, y: -0.046, z: -4.552}
  m_LocalScale: {x: 1.1259726, y: 1, z: 1}
  m_ConstrainProportionsScale: 0
  m_Children: []
  m_Father: {fileID: 326763669}
  m_RootOrder: 6
  m_LocalEulerAnglesHint: {x: 150.106, y: -1.132019, z: -0.60601807}
--- !u!114 &1638383630
MonoBehaviour:
  m_ObjectHideFlags: 0
  m_CorrespondingSourceObject: {fileID: 0}
  m_PrefabInstance: {fileID: 0}
  m_PrefabAsset: {fileID: 0}
  m_GameObject: {fileID: 1638383628}
  m_Enabled: 1
  m_EditorHideFlags: 0
  m_Script: {fileID: 11500000, guid: 474bcb49853aa07438625e644c072ee6, type: 3}
  m_Name: 
  m_EditorClassIdentifier: 
--- !u!108 &1638383631
Light:
  m_ObjectHideFlags: 0
  m_CorrespondingSourceObject: {fileID: 0}
  m_PrefabInstance: {fileID: 0}
  m_PrefabAsset: {fileID: 0}
  m_GameObject: {fileID: 1638383628}
  m_Enabled: 0
  serializedVersion: 10
  m_Type: 2
  m_Shape: 0
  m_Color: {r: 1, g: 0.7024758, b: 0, a: 1}
  m_Intensity: 5
  m_Range: 0.56
  m_SpotAngle: 101
  m_InnerSpotAngle: 21.80208
  m_CookieSize: 10
  m_Shadows:
    m_Type: 0
    m_Resolution: -1
    m_CustomResolution: -1
    m_Strength: 1
    m_Bias: 0.05
    m_NormalBias: 0.4
    m_NearPlane: 0.2
    m_CullingMatrixOverride:
      e00: 1
      e01: 0
      e02: 0
      e03: 0
      e10: 0
      e11: 1
      e12: 0
      e13: 0
      e20: 0
      e21: 0
      e22: 1
      e23: 0
      e30: 0
      e31: 0
      e32: 0
      e33: 1
    m_UseCullingMatrixOverride: 0
  m_Cookie: {fileID: 0}
  m_DrawHalo: 0
  m_Flare: {fileID: 0}
  m_RenderMode: 0
  m_CullingMask:
    serializedVersion: 2
    m_Bits: 3895
  m_RenderingLayerMask: 1
  m_Lightmapping: 1
  m_LightShadowCasterMode: 0
  m_AreaSize: {x: 1, y: 1}
  m_BounceIntensity: 2.35
  m_ColorTemperature: 6570
  m_UseColorTemperature: 0
  m_BoundingSphereOverride: {x: 0, y: 0, z: 0, w: 0}
  m_UseBoundingSphereOverride: 0
  m_UseViewFrustumForShadowCasterCull: 1
  m_ShadowRadius: 0
  m_ShadowAngle: 0
--- !u!1001 &1656765110
PrefabInstance:
  m_ObjectHideFlags: 0
  serializedVersion: 2
  m_Modification:
    m_TransformParent: {fileID: 0}
    m_Modifications:
    - target: {fileID: -8910594703453188737, guid: a5fbd53286a0690409dc6a6b43552c13,
        type: 3}
      propertyPath: m_LocalPosition.z
      value: 3.144
      objectReference: {fileID: 0}
    - target: {fileID: -8679921383154817045, guid: a5fbd53286a0690409dc6a6b43552c13,
        type: 3}
      propertyPath: m_RootOrder
      value: 3
      objectReference: {fileID: 0}
    - target: {fileID: -8679921383154817045, guid: a5fbd53286a0690409dc6a6b43552c13,
        type: 3}
      propertyPath: m_LocalScale.x
      value: 0.99999994
      objectReference: {fileID: 0}
    - target: {fileID: -8679921383154817045, guid: a5fbd53286a0690409dc6a6b43552c13,
        type: 3}
      propertyPath: m_LocalScale.y
      value: 0.99999994
      objectReference: {fileID: 0}
    - target: {fileID: -8679921383154817045, guid: a5fbd53286a0690409dc6a6b43552c13,
        type: 3}
      propertyPath: m_LocalScale.z
      value: 0.99999994
      objectReference: {fileID: 0}
    - target: {fileID: -8679921383154817045, guid: a5fbd53286a0690409dc6a6b43552c13,
        type: 3}
      propertyPath: m_LocalPosition.x
      value: 0
      objectReference: {fileID: 0}
    - target: {fileID: -8679921383154817045, guid: a5fbd53286a0690409dc6a6b43552c13,
        type: 3}
      propertyPath: m_LocalPosition.y
      value: 0
      objectReference: {fileID: 0}
    - target: {fileID: -8679921383154817045, guid: a5fbd53286a0690409dc6a6b43552c13,
        type: 3}
      propertyPath: m_LocalPosition.z
      value: 0
      objectReference: {fileID: 0}
    - target: {fileID: -8679921383154817045, guid: a5fbd53286a0690409dc6a6b43552c13,
        type: 3}
      propertyPath: m_LocalRotation.w
      value: 1
      objectReference: {fileID: 0}
    - target: {fileID: -8679921383154817045, guid: a5fbd53286a0690409dc6a6b43552c13,
        type: 3}
      propertyPath: m_LocalRotation.x
      value: 0
      objectReference: {fileID: 0}
    - target: {fileID: -8679921383154817045, guid: a5fbd53286a0690409dc6a6b43552c13,
        type: 3}
      propertyPath: m_LocalRotation.y
      value: 0
      objectReference: {fileID: 0}
    - target: {fileID: -8679921383154817045, guid: a5fbd53286a0690409dc6a6b43552c13,
        type: 3}
      propertyPath: m_LocalRotation.z
      value: 0
      objectReference: {fileID: 0}
    - target: {fileID: -8679921383154817045, guid: a5fbd53286a0690409dc6a6b43552c13,
        type: 3}
      propertyPath: m_LocalEulerAnglesHint.x
      value: 0
      objectReference: {fileID: 0}
    - target: {fileID: -8679921383154817045, guid: a5fbd53286a0690409dc6a6b43552c13,
        type: 3}
      propertyPath: m_LocalEulerAnglesHint.y
      value: 0
      objectReference: {fileID: 0}
    - target: {fileID: -8679921383154817045, guid: a5fbd53286a0690409dc6a6b43552c13,
        type: 3}
      propertyPath: m_LocalEulerAnglesHint.z
      value: 0
      objectReference: {fileID: 0}
    - target: {fileID: -8679921383154817045, guid: a5fbd53286a0690409dc6a6b43552c13,
        type: 3}
      propertyPath: m_ConstrainProportionsScale
      value: 1
      objectReference: {fileID: 0}
    - target: {fileID: -8563632371913599607, guid: a5fbd53286a0690409dc6a6b43552c13,
        type: 3}
      propertyPath: m_StaticEditorFlags
      value: 0
      objectReference: {fileID: 0}
    - target: {fileID: -8407976001360362578, guid: a5fbd53286a0690409dc6a6b43552c13,
        type: 3}
      propertyPath: m_LocalPosition.z
      value: 3.152
      objectReference: {fileID: 0}
    - target: {fileID: -8193132318242341706, guid: a5fbd53286a0690409dc6a6b43552c13,
        type: 3}
      propertyPath: m_CastShadows
      value: 0
      objectReference: {fileID: 0}
    - target: {fileID: -8193132318242341706, guid: a5fbd53286a0690409dc6a6b43552c13,
        type: 3}
      propertyPath: m_Materials.Array.data[0]
      value: 
      objectReference: {fileID: 2100000, guid: da854dffa90fc2649ac665ff147436e3, type: 2}
    - target: {fileID: -8098481014425837462, guid: a5fbd53286a0690409dc6a6b43552c13,
        type: 3}
      propertyPath: m_LocalPosition.z
      value: 1.443
      objectReference: {fileID: 0}
    - target: {fileID: -8054667989334621254, guid: a5fbd53286a0690409dc6a6b43552c13,
        type: 3}
      propertyPath: m_LocalPosition.x
      value: -0.582
      objectReference: {fileID: 0}
    - target: {fileID: -8054667989334621254, guid: a5fbd53286a0690409dc6a6b43552c13,
        type: 3}
      propertyPath: m_LocalPosition.z
      value: 0.754
      objectReference: {fileID: 0}
    - target: {fileID: -8027165852381917078, guid: a5fbd53286a0690409dc6a6b43552c13,
        type: 3}
      propertyPath: m_LocalPosition.x
      value: -1.437
      objectReference: {fileID: 0}
    - target: {fileID: -8027165852381917078, guid: a5fbd53286a0690409dc6a6b43552c13,
        type: 3}
      propertyPath: m_LocalPosition.z
      value: 1.27
      objectReference: {fileID: 0}
    - target: {fileID: -8027165852381917078, guid: a5fbd53286a0690409dc6a6b43552c13,
        type: 3}
      propertyPath: m_LocalRotation.w
      value: 0.7974633
      objectReference: {fileID: 0}
    - target: {fileID: -8027165852381917078, guid: a5fbd53286a0690409dc6a6b43552c13,
        type: 3}
      propertyPath: m_LocalRotation.x
      value: -0
      objectReference: {fileID: 0}
    - target: {fileID: -8027165852381917078, guid: a5fbd53286a0690409dc6a6b43552c13,
        type: 3}
      propertyPath: m_LocalRotation.y
      value: 0.6033675
      objectReference: {fileID: 0}
    - target: {fileID: -8027165852381917078, guid: a5fbd53286a0690409dc6a6b43552c13,
        type: 3}
      propertyPath: m_LocalEulerAnglesHint.y
      value: 74.223
      objectReference: {fileID: 0}
    - target: {fileID: -7717928289413212969, guid: a5fbd53286a0690409dc6a6b43552c13,
        type: 3}
      propertyPath: m_Materials.Array.data[0]
      value: 
      objectReference: {fileID: 2100000, guid: 184248d114bfa104d9b8cddfdf0ae846, type: 2}
    - target: {fileID: -7717928289413212969, guid: a5fbd53286a0690409dc6a6b43552c13,
        type: 3}
      propertyPath: m_Materials.Array.data[1]
      value: 
      objectReference: {fileID: 2100000, guid: 184248d114bfa104d9b8cddfdf0ae846, type: 2}
    - target: {fileID: -7387202671593874346, guid: a5fbd53286a0690409dc6a6b43552c13,
        type: 3}
      propertyPath: m_LocalPosition.y
      value: 0.0036
      objectReference: {fileID: 0}
    - target: {fileID: -7387202671593874346, guid: a5fbd53286a0690409dc6a6b43552c13,
        type: 3}
      propertyPath: m_LocalPosition.z
      value: -1.65
      objectReference: {fileID: 0}
    - target: {fileID: -5903312697640692517, guid: a5fbd53286a0690409dc6a6b43552c13,
        type: 3}
      propertyPath: m_LocalScale.x
      value: 1.3182
      objectReference: {fileID: 0}
    - target: {fileID: -5903312697640692517, guid: a5fbd53286a0690409dc6a6b43552c13,
        type: 3}
      propertyPath: m_LocalScale.y
      value: 1.3182
      objectReference: {fileID: 0}
    - target: {fileID: -5903312697640692517, guid: a5fbd53286a0690409dc6a6b43552c13,
        type: 3}
      propertyPath: m_LocalScale.z
      value: 1.3182
      objectReference: {fileID: 0}
    - target: {fileID: -5903312697640692517, guid: a5fbd53286a0690409dc6a6b43552c13,
        type: 3}
      propertyPath: m_LocalPosition.x
      value: 1.8969519
      objectReference: {fileID: 0}
    - target: {fileID: -5903312697640692517, guid: a5fbd53286a0690409dc6a6b43552c13,
        type: 3}
      propertyPath: m_LocalPosition.y
      value: 0.791
      objectReference: {fileID: 0}
    - target: {fileID: -5903312697640692517, guid: a5fbd53286a0690409dc6a6b43552c13,
        type: 3}
      propertyPath: m_LocalPosition.z
      value: -1.1230515
      objectReference: {fileID: 0}
    - target: {fileID: -5903312697640692517, guid: a5fbd53286a0690409dc6a6b43552c13,
        type: 3}
      propertyPath: m_LocalRotation.w
      value: 0.69927937
      objectReference: {fileID: 0}
    - target: {fileID: -5903312697640692517, guid: a5fbd53286a0690409dc6a6b43552c13,
        type: 3}
      propertyPath: m_LocalRotation.x
      value: -0
      objectReference: {fileID: 0}
    - target: {fileID: -5903312697640692517, guid: a5fbd53286a0690409dc6a6b43552c13,
        type: 3}
      propertyPath: m_LocalRotation.y
      value: 0.7148486
      objectReference: {fileID: 0}
    - target: {fileID: -5903312697640692517, guid: a5fbd53286a0690409dc6a6b43552c13,
        type: 3}
      propertyPath: m_LocalEulerAnglesHint.y
      value: 91.262
      objectReference: {fileID: 0}
    - target: {fileID: -5845980671302210874, guid: a5fbd53286a0690409dc6a6b43552c13,
        type: 3}
      propertyPath: m_Materials.Array.data[0]
      value: 
      objectReference: {fileID: 2100000, guid: 0a775fe01b6011e4787c0581d46ef21e, type: 2}
    - target: {fileID: -5583559090307005440, guid: a5fbd53286a0690409dc6a6b43552c13,
        type: 3}
      propertyPath: m_LocalScale.x
      value: 1.4243
      objectReference: {fileID: 0}
    - target: {fileID: -5583559090307005440, guid: a5fbd53286a0690409dc6a6b43552c13,
        type: 3}
      propertyPath: m_LocalScale.y
      value: 1.4243
      objectReference: {fileID: 0}
    - target: {fileID: -5583559090307005440, guid: a5fbd53286a0690409dc6a6b43552c13,
        type: 3}
      propertyPath: m_LocalScale.z
      value: 1.4243
      objectReference: {fileID: 0}
    - target: {fileID: -5583559090307005440, guid: a5fbd53286a0690409dc6a6b43552c13,
        type: 3}
      propertyPath: m_LocalPosition.x
      value: -1.91
      objectReference: {fileID: 0}
    - target: {fileID: -5583559090307005440, guid: a5fbd53286a0690409dc6a6b43552c13,
        type: 3}
      propertyPath: m_LocalPosition.y
      value: 0.392
      objectReference: {fileID: 0}
    - target: {fileID: -5583559090307005440, guid: a5fbd53286a0690409dc6a6b43552c13,
        type: 3}
      propertyPath: m_LocalPosition.z
      value: 0.15
      objectReference: {fileID: 0}
    - target: {fileID: -5179279301967951340, guid: a5fbd53286a0690409dc6a6b43552c13,
        type: 3}
      propertyPath: m_Materials.Array.data[0]
      value: 
      objectReference: {fileID: 2100000, guid: 0a775fe01b6011e4787c0581d46ef21e, type: 2}
    - target: {fileID: -5163093389225282569, guid: a5fbd53286a0690409dc6a6b43552c13,
        type: 3}
      propertyPath: m_Materials.Array.data[0]
      value: 
      objectReference: {fileID: 2100000, guid: 2e62c7c33a1d5434187cdf3d16da70e5, type: 2}
    - target: {fileID: -4741695361772628405, guid: a5fbd53286a0690409dc6a6b43552c13,
        type: 3}
      propertyPath: m_Materials.Array.data[0]
      value: 
      objectReference: {fileID: 2100000, guid: 66f035683e4def346a918bc75f76cf26, type: 2}
    - target: {fileID: -4437072017287166781, guid: a5fbd53286a0690409dc6a6b43552c13,
        type: 3}
      propertyPath: m_LocalPosition.x
      value: -1.068
      objectReference: {fileID: 0}
    - target: {fileID: -4437072017287166781, guid: a5fbd53286a0690409dc6a6b43552c13,
        type: 3}
      propertyPath: m_LocalPosition.y
      value: 0.239
      objectReference: {fileID: 0}
    - target: {fileID: -4437072017287166781, guid: a5fbd53286a0690409dc6a6b43552c13,
        type: 3}
      propertyPath: m_LocalPosition.z
      value: 1.619
      objectReference: {fileID: 0}
    - target: {fileID: -4437072017287166781, guid: a5fbd53286a0690409dc6a6b43552c13,
        type: 3}
      propertyPath: m_LocalRotation.w
      value: 0.99936116
      objectReference: {fileID: 0}
    - target: {fileID: -4437072017287166781, guid: a5fbd53286a0690409dc6a6b43552c13,
        type: 3}
      propertyPath: m_LocalRotation.x
      value: -0
      objectReference: {fileID: 0}
    - target: {fileID: -4437072017287166781, guid: a5fbd53286a0690409dc6a6b43552c13,
        type: 3}
      propertyPath: m_LocalRotation.y
      value: -0.03574011
      objectReference: {fileID: 0}
    - target: {fileID: -4437072017287166781, guid: a5fbd53286a0690409dc6a6b43552c13,
        type: 3}
      propertyPath: m_LocalEulerAnglesHint.y
      value: -4.096
      objectReference: {fileID: 0}
    - target: {fileID: -3967651566497594485, guid: a5fbd53286a0690409dc6a6b43552c13,
        type: 3}
      propertyPath: m_LocalPosition.y
      value: 2.04
      objectReference: {fileID: 0}
    - target: {fileID: -3666859116905684729, guid: a5fbd53286a0690409dc6a6b43552c13,
        type: 3}
      propertyPath: m_IsActive
      value: 1
      objectReference: {fileID: 0}
    - target: {fileID: -3360581087210206663, guid: a5fbd53286a0690409dc6a6b43552c13,
        type: 3}
      propertyPath: m_Materials.Array.data[0]
      value: 
      objectReference: {fileID: 2100000, guid: 184248d114bfa104d9b8cddfdf0ae846, type: 2}
    - target: {fileID: -3281906431495541060, guid: a5fbd53286a0690409dc6a6b43552c13,
        type: 3}
      propertyPath: m_Materials.Array.data[0]
      value: 
      objectReference: {fileID: 2100000, guid: 2e62c7c33a1d5434187cdf3d16da70e5, type: 2}
    - target: {fileID: -3051007716291941912, guid: a5fbd53286a0690409dc6a6b43552c13,
        type: 3}
      propertyPath: m_Materials.Array.data[0]
      value: 
      objectReference: {fileID: 2100000, guid: 0a775fe01b6011e4787c0581d46ef21e, type: 2}
    - target: {fileID: -2839502428627676240, guid: a5fbd53286a0690409dc6a6b43552c13,
        type: 3}
      propertyPath: m_Enabled
      value: 1
      objectReference: {fileID: 0}
    - target: {fileID: -2839502428627676240, guid: a5fbd53286a0690409dc6a6b43552c13,
        type: 3}
      propertyPath: m_CastShadows
      value: 0
      objectReference: {fileID: 0}
    - target: {fileID: -2839502428627676240, guid: a5fbd53286a0690409dc6a6b43552c13,
        type: 3}
      propertyPath: m_ReceiveShadows
      value: 1
      objectReference: {fileID: 0}
    - target: {fileID: -2839502428627676240, guid: a5fbd53286a0690409dc6a6b43552c13,
        type: 3}
      propertyPath: m_Materials.Array.data[0]
      value: 
      objectReference: {fileID: 2100000, guid: 0a775fe01b6011e4787c0581d46ef21e, type: 2}
    - target: {fileID: -2715532661331400791, guid: a5fbd53286a0690409dc6a6b43552c13,
        type: 3}
      propertyPath: m_Materials.Array.data[0]
      value: 
      objectReference: {fileID: 2100000, guid: 2e62c7c33a1d5434187cdf3d16da70e5, type: 2}
    - target: {fileID: -2678674418335220117, guid: a5fbd53286a0690409dc6a6b43552c13,
        type: 3}
      propertyPath: m_IsActive
      value: 1
      objectReference: {fileID: 0}
    - target: {fileID: -2285229659016498304, guid: a5fbd53286a0690409dc6a6b43552c13,
        type: 3}
      propertyPath: m_CastShadows
      value: 2
      objectReference: {fileID: 0}
    - target: {fileID: -2285229659016498304, guid: a5fbd53286a0690409dc6a6b43552c13,
        type: 3}
      propertyPath: m_Materials.Array.data[0]
      value: 
      objectReference: {fileID: 2100000, guid: 0a775fe01b6011e4787c0581d46ef21e, type: 2}
    - target: {fileID: -2285229659016498304, guid: a5fbd53286a0690409dc6a6b43552c13,
        type: 3}
      propertyPath: m_Materials.Array.data[1]
      value: 
      objectReference: {fileID: 2100000, guid: 0a775fe01b6011e4787c0581d46ef21e, type: 2}
    - target: {fileID: -1926192311747790465, guid: a5fbd53286a0690409dc6a6b43552c13,
        type: 3}
      propertyPath: m_LocalRotation.w
      value: 1
      objectReference: {fileID: 0}
    - target: {fileID: -1891002683024900878, guid: a5fbd53286a0690409dc6a6b43552c13,
        type: 3}
      propertyPath: m_Materials.Array.data[0]
      value: 
      objectReference: {fileID: 2100000, guid: 0a775fe01b6011e4787c0581d46ef21e, type: 2}
    - target: {fileID: -1414335683972957229, guid: a5fbd53286a0690409dc6a6b43552c13,
        type: 3}
      propertyPath: m_IsActive
      value: 1
      objectReference: {fileID: 0}
    - target: {fileID: -1393035324752133689, guid: a5fbd53286a0690409dc6a6b43552c13,
        type: 3}
      propertyPath: m_LocalPosition.x
      value: 0.102343544
      objectReference: {fileID: 0}
    - target: {fileID: -1393035324752133689, guid: a5fbd53286a0690409dc6a6b43552c13,
        type: 3}
      propertyPath: m_LocalPosition.y
      value: 0.0158
      objectReference: {fileID: 0}
    - target: {fileID: -1393035324752133689, guid: a5fbd53286a0690409dc6a6b43552c13,
        type: 3}
      propertyPath: m_LocalPosition.z
      value: 1.007
      objectReference: {fileID: 0}
    - target: {fileID: -1393035324752133689, guid: a5fbd53286a0690409dc6a6b43552c13,
        type: 3}
      propertyPath: m_LocalRotation.w
      value: 0.9983523
      objectReference: {fileID: 0}
    - target: {fileID: -1393035324752133689, guid: a5fbd53286a0690409dc6a6b43552c13,
        type: 3}
      propertyPath: m_LocalRotation.x
      value: -0
      objectReference: {fileID: 0}
    - target: {fileID: -1393035324752133689, guid: a5fbd53286a0690409dc6a6b43552c13,
        type: 3}
      propertyPath: m_LocalRotation.y
      value: -0.057383396
      objectReference: {fileID: 0}
    - target: {fileID: -1393035324752133689, guid: a5fbd53286a0690409dc6a6b43552c13,
        type: 3}
      propertyPath: m_LocalEulerAnglesHint.y
      value: -6.579
      objectReference: {fileID: 0}
    - target: {fileID: -1309310154702371843, guid: a5fbd53286a0690409dc6a6b43552c13,
        type: 3}
      propertyPath: m_IsActive
      value: 1
      objectReference: {fileID: 0}
    - target: {fileID: -1203054914587354192, guid: a5fbd53286a0690409dc6a6b43552c13,
        type: 3}
      propertyPath: m_IsActive
      value: 1
      objectReference: {fileID: 0}
    - target: {fileID: -1025685978319611610, guid: a5fbd53286a0690409dc6a6b43552c13,
        type: 3}
      propertyPath: m_Materials.Array.data[0]
      value: 
      objectReference: {fileID: 2100000, guid: dd3b1fcec5fafb64ab0f4ce54da48d05, type: 2}
    - target: {fileID: -1025591434683045501, guid: a5fbd53286a0690409dc6a6b43552c13,
        type: 3}
      propertyPath: m_LocalPosition.x
      value: 0.963
      objectReference: {fileID: 0}
    - target: {fileID: -1025591434683045501, guid: a5fbd53286a0690409dc6a6b43552c13,
        type: 3}
      propertyPath: m_LocalPosition.y
      value: 0.291
      objectReference: {fileID: 0}
    - target: {fileID: -1025591434683045501, guid: a5fbd53286a0690409dc6a6b43552c13,
        type: 3}
      propertyPath: m_LocalPosition.z
      value: 0.94
      objectReference: {fileID: 0}
    - target: {fileID: -1025591434683045501, guid: a5fbd53286a0690409dc6a6b43552c13,
        type: 3}
      propertyPath: m_LocalRotation.w
      value: 0.96578944
      objectReference: {fileID: 0}
    - target: {fileID: -1025591434683045501, guid: a5fbd53286a0690409dc6a6b43552c13,
        type: 3}
      propertyPath: m_LocalRotation.x
      value: 0.0007281708
      objectReference: {fileID: 0}
    - target: {fileID: -1025591434683045501, guid: a5fbd53286a0690409dc6a6b43552c13,
        type: 3}
      propertyPath: m_LocalRotation.y
      value: -0.2249219
      objectReference: {fileID: 0}
    - target: {fileID: -1025591434683045501, guid: a5fbd53286a0690409dc6a6b43552c13,
        type: 3}
      propertyPath: m_LocalRotation.z
      value: 0.12907532
      objectReference: {fileID: 0}
    - target: {fileID: -1025591434683045501, guid: a5fbd53286a0690409dc6a6b43552c13,
        type: 3}
      propertyPath: m_LocalEulerAnglesHint.x
      value: 3.409
      objectReference: {fileID: 0}
    - target: {fileID: -1025591434683045501, guid: a5fbd53286a0690409dc6a6b43552c13,
        type: 3}
      propertyPath: m_LocalEulerAnglesHint.y
      value: -25.788
      objectReference: {fileID: 0}
    - target: {fileID: -1025591434683045501, guid: a5fbd53286a0690409dc6a6b43552c13,
        type: 3}
      propertyPath: m_LocalEulerAnglesHint.z
      value: 14.444
      objectReference: {fileID: 0}
    - target: {fileID: -862594577139601915, guid: a5fbd53286a0690409dc6a6b43552c13,
        type: 3}
      propertyPath: m_StaticEditorFlags
      value: 1
      objectReference: {fileID: 0}
    - target: {fileID: -427647379828736444, guid: a5fbd53286a0690409dc6a6b43552c13,
        type: 3}
      propertyPath: m_IsActive
      value: 1
      objectReference: {fileID: 0}
    - target: {fileID: -345949655092427350, guid: a5fbd53286a0690409dc6a6b43552c13,
        type: 3}
      propertyPath: m_LocalPosition.x
      value: -1.878
      objectReference: {fileID: 0}
    - target: {fileID: -345949655092427350, guid: a5fbd53286a0690409dc6a6b43552c13,
        type: 3}
      propertyPath: m_LocalPosition.y
      value: 0.24530819
      objectReference: {fileID: 0}
    - target: {fileID: -345949655092427350, guid: a5fbd53286a0690409dc6a6b43552c13,
        type: 3}
      propertyPath: m_LocalPosition.z
      value: 3.13
      objectReference: {fileID: 0}
    - target: {fileID: -345949655092427350, guid: a5fbd53286a0690409dc6a6b43552c13,
        type: 3}
      propertyPath: m_LocalRotation.w
      value: 0.99747604
      objectReference: {fileID: 0}
    - target: {fileID: -345949655092427350, guid: a5fbd53286a0690409dc6a6b43552c13,
        type: 3}
      propertyPath: m_LocalRotation.x
      value: -0
      objectReference: {fileID: 0}
    - target: {fileID: -345949655092427350, guid: a5fbd53286a0690409dc6a6b43552c13,
        type: 3}
      propertyPath: m_LocalRotation.y
      value: -0.071003936
      objectReference: {fileID: 0}
    - target: {fileID: -345949655092427350, guid: a5fbd53286a0690409dc6a6b43552c13,
        type: 3}
      propertyPath: m_LocalEulerAnglesHint.y
      value: -8.143
      objectReference: {fileID: 0}
    - target: {fileID: -40126781668004761, guid: a5fbd53286a0690409dc6a6b43552c13,
        type: 3}
      propertyPath: m_Materials.Array.data[0]
      value: 
      objectReference: {fileID: 2100000, guid: 2e62c7c33a1d5434187cdf3d16da70e5, type: 2}
    - target: {fileID: 230635909763091175, guid: a5fbd53286a0690409dc6a6b43552c13,
        type: 3}
      propertyPath: m_IsActive
      value: 1
      objectReference: {fileID: 0}
    - target: {fileID: 418750433808668145, guid: a5fbd53286a0690409dc6a6b43552c13,
        type: 3}
      propertyPath: m_Materials.Array.data[0]
      value: 
      objectReference: {fileID: 2100000, guid: 2e62c7c33a1d5434187cdf3d16da70e5, type: 2}
    - target: {fileID: 761831042714804298, guid: a5fbd53286a0690409dc6a6b43552c13,
        type: 3}
      propertyPath: m_Materials.Array.data[0]
      value: 
      objectReference: {fileID: 2100000, guid: 2e62c7c33a1d5434187cdf3d16da70e5, type: 2}
    - target: {fileID: 919132149155446097, guid: a5fbd53286a0690409dc6a6b43552c13,
        type: 3}
      propertyPath: m_Name
      value: Room_main02
      objectReference: {fileID: 0}
    - target: {fileID: 919132149155446097, guid: a5fbd53286a0690409dc6a6b43552c13,
        type: 3}
      propertyPath: m_IsActive
      value: 1
      objectReference: {fileID: 0}
    - target: {fileID: 1056621892938572053, guid: a5fbd53286a0690409dc6a6b43552c13,
        type: 3}
      propertyPath: m_IsActive
      value: 1
      objectReference: {fileID: 0}
    - target: {fileID: 1181460343001833244, guid: a5fbd53286a0690409dc6a6b43552c13,
        type: 3}
      propertyPath: m_Materials.Array.data[0]
      value: 
      objectReference: {fileID: 2100000, guid: 0a775fe01b6011e4787c0581d46ef21e, type: 2}
    - target: {fileID: 1670572719368378945, guid: a5fbd53286a0690409dc6a6b43552c13,
        type: 3}
      propertyPath: m_CastShadows
      value: 1
      objectReference: {fileID: 0}
    - target: {fileID: 1670572719368378945, guid: a5fbd53286a0690409dc6a6b43552c13,
        type: 3}
      propertyPath: m_Materials.Array.data[0]
      value: 
      objectReference: {fileID: 2100000, guid: 0a775fe01b6011e4787c0581d46ef21e, type: 2}
    - target: {fileID: 2215619877927608439, guid: a5fbd53286a0690409dc6a6b43552c13,
        type: 3}
      propertyPath: m_CastShadows
      value: 1
      objectReference: {fileID: 0}
    - target: {fileID: 2215619877927608439, guid: a5fbd53286a0690409dc6a6b43552c13,
        type: 3}
      propertyPath: m_Materials.Array.data[0]
      value: 
      objectReference: {fileID: 2100000, guid: 2e62c7c33a1d5434187cdf3d16da70e5, type: 2}
    - target: {fileID: 2567005764566402135, guid: a5fbd53286a0690409dc6a6b43552c13,
        type: 3}
      propertyPath: m_IsActive
      value: 1
      objectReference: {fileID: 0}
    - target: {fileID: 3431351834504859531, guid: a5fbd53286a0690409dc6a6b43552c13,
        type: 3}
      propertyPath: m_IsActive
      value: 1
      objectReference: {fileID: 0}
    - target: {fileID: 3638823232539950899, guid: a5fbd53286a0690409dc6a6b43552c13,
        type: 3}
      propertyPath: m_Materials.Array.data[0]
      value: 
      objectReference: {fileID: 2100000, guid: ae62cd44c314b4540b0710ff1d049b4d, type: 2}
    - target: {fileID: 3755241885505769773, guid: a5fbd53286a0690409dc6a6b43552c13,
        type: 3}
      propertyPath: m_IsActive
      value: 1
      objectReference: {fileID: 0}
    - target: {fileID: 3832941021893423379, guid: a5fbd53286a0690409dc6a6b43552c13,
        type: 3}
      propertyPath: m_Materials.Array.data[0]
      value: 
      objectReference: {fileID: 2100000, guid: 0a775fe01b6011e4787c0581d46ef21e, type: 2}
    - target: {fileID: 4159714922475148591, guid: a5fbd53286a0690409dc6a6b43552c13,
        type: 3}
      propertyPath: m_CastShadows
      value: 2
      objectReference: {fileID: 0}
    - target: {fileID: 4159714922475148591, guid: a5fbd53286a0690409dc6a6b43552c13,
        type: 3}
      propertyPath: m_StaticShadowCaster
      value: 0
      objectReference: {fileID: 0}
    - target: {fileID: 4159714922475148591, guid: a5fbd53286a0690409dc6a6b43552c13,
        type: 3}
      propertyPath: m_Materials.Array.data[0]
      value: 
      objectReference: {fileID: 2100000, guid: 2e62c7c33a1d5434187cdf3d16da70e5, type: 2}
    - target: {fileID: 6266655310624012093, guid: a5fbd53286a0690409dc6a6b43552c13,
        type: 3}
      propertyPath: m_LocalPosition.z
      value: 6.49
      objectReference: {fileID: 0}
    - target: {fileID: 6637682589307278802, guid: a5fbd53286a0690409dc6a6b43552c13,
        type: 3}
      propertyPath: m_IsActive
      value: 1
      objectReference: {fileID: 0}
    - target: {fileID: 7009873731071752672, guid: a5fbd53286a0690409dc6a6b43552c13,
        type: 3}
      propertyPath: m_Layer
      value: 3
      objectReference: {fileID: 0}
    - target: {fileID: 7009873731071752672, guid: a5fbd53286a0690409dc6a6b43552c13,
        type: 3}
      propertyPath: m_IsActive
      value: 1
      objectReference: {fileID: 0}
    - target: {fileID: 8103069599532305045, guid: a5fbd53286a0690409dc6a6b43552c13,
        type: 3}
      propertyPath: m_IsActive
      value: 1
      objectReference: {fileID: 0}
    - target: {fileID: 8217300777069716490, guid: a5fbd53286a0690409dc6a6b43552c13,
        type: 3}
      propertyPath: m_IsActive
      value: 1
      objectReference: {fileID: 0}
    - target: {fileID: 8492864216584940884, guid: a5fbd53286a0690409dc6a6b43552c13,
        type: 3}
      propertyPath: m_IsActive
      value: 1
      objectReference: {fileID: 0}
    - target: {fileID: 8638659762372726953, guid: a5fbd53286a0690409dc6a6b43552c13,
        type: 3}
      propertyPath: m_Materials.Array.data[0]
      value: 
      objectReference: {fileID: 2100000, guid: 2e62c7c33a1d5434187cdf3d16da70e5, type: 2}
    - target: {fileID: 9139825677766297773, guid: a5fbd53286a0690409dc6a6b43552c13,
        type: 3}
      propertyPath: m_Materials.Array.data[0]
      value: 
      objectReference: {fileID: 2100000, guid: 9cc715cc9b67d3d4e83fa853e202ef7a, type: 2}
    - target: {fileID: 9216955943663621496, guid: a5fbd53286a0690409dc6a6b43552c13,
        type: 3}
      propertyPath: m_CastShadows
      value: 1
      objectReference: {fileID: 0}
    - target: {fileID: 9216955943663621496, guid: a5fbd53286a0690409dc6a6b43552c13,
        type: 3}
      propertyPath: m_StaticShadowCaster
      value: 1
      objectReference: {fileID: 0}
    - target: {fileID: 9216955943663621496, guid: a5fbd53286a0690409dc6a6b43552c13,
        type: 3}
      propertyPath: m_Materials.Array.data[0]
      value: 
      objectReference: {fileID: 2100000, guid: 0a775fe01b6011e4787c0581d46ef21e, type: 2}
    m_RemovedComponents: []
  m_SourcePrefab: {fileID: 100100000, guid: a5fbd53286a0690409dc6a6b43552c13, type: 3}
--- !u!4 &1656765111 stripped
Transform:
  m_CorrespondingSourceObject: {fileID: -8679921383154817045, guid: a5fbd53286a0690409dc6a6b43552c13,
    type: 3}
  m_PrefabInstance: {fileID: 1656765110}
  m_PrefabAsset: {fileID: 0}
--- !u!1 &1770880437
GameObject:
  m_ObjectHideFlags: 0
  m_CorrespondingSourceObject: {fileID: 0}
  m_PrefabInstance: {fileID: 0}
  m_PrefabAsset: {fileID: 0}
  serializedVersion: 6
  m_Component:
  - component: {fileID: 1770880438}
  - component: {fileID: 1770880440}
  - component: {fileID: 1770880439}
  m_Layer: 0
  m_Name: Point Light (6)
  m_TagString: Untagged
  m_Icon: {fileID: 0}
  m_NavMeshLayer: 0
  m_StaticEditorFlags: 0
  m_IsActive: 1
--- !u!4 &1770880438
Transform:
  m_ObjectHideFlags: 0
  m_CorrespondingSourceObject: {fileID: 0}
  m_PrefabInstance: {fileID: 0}
  m_PrefabAsset: {fileID: 0}
  m_GameObject: {fileID: 1770880437}
  m_LocalRotation: {x: -0.0016532965, y: 0.00856116, z: -0.000383629, w: 0.9999619}
  m_LocalPosition: {x: -2.622, y: 1.99, z: -0.444}
  m_LocalScale: {x: 1.1259726, y: 1, z: 1}
  m_ConstrainProportionsScale: 0
  m_Children: []
  m_Father: {fileID: 326763669}
  m_RootOrder: 7
  m_LocalEulerAnglesHint: {x: -0.189, y: 0.981, z: -0.046}
--- !u!114 &1770880439
MonoBehaviour:
  m_ObjectHideFlags: 0
  m_CorrespondingSourceObject: {fileID: 0}
  m_PrefabInstance: {fileID: 0}
  m_PrefabAsset: {fileID: 0}
  m_GameObject: {fileID: 1770880437}
  m_Enabled: 1
  m_EditorHideFlags: 0
  m_Script: {fileID: 11500000, guid: 474bcb49853aa07438625e644c072ee6, type: 3}
  m_Name: 
  m_EditorClassIdentifier: 
--- !u!108 &1770880440
Light:
  m_ObjectHideFlags: 0
  m_CorrespondingSourceObject: {fileID: 0}
  m_PrefabInstance: {fileID: 0}
  m_PrefabAsset: {fileID: 0}
  m_GameObject: {fileID: 1770880437}
  m_Enabled: 1
  serializedVersion: 10
  m_Type: 2
  m_Shape: 0
  m_Color: {r: 1, g: 0.3726415, b: 0.92682064, a: 1}
  m_Intensity: 1
  m_Range: 5.66
  m_SpotAngle: 30
  m_InnerSpotAngle: 21.80208
  m_CookieSize: 10
  m_Shadows:
    m_Type: 0
    m_Resolution: -1
    m_CustomResolution: -1
    m_Strength: 1
    m_Bias: 0.05
    m_NormalBias: 0.4
    m_NearPlane: 0.2
    m_CullingMatrixOverride:
      e00: 1
      e01: 0
      e02: 0
      e03: 0
      e10: 0
      e11: 1
      e12: 0
      e13: 0
      e20: 0
      e21: 0
      e22: 1
      e23: 0
      e30: 0
      e31: 0
      e32: 0
      e33: 1
    m_UseCullingMatrixOverride: 0
  m_Cookie: {fileID: 0}
  m_DrawHalo: 0
  m_Flare: {fileID: 0}
  m_RenderMode: 0
  m_CullingMask:
    serializedVersion: 2
    m_Bits: 3895
  m_RenderingLayerMask: 1
  m_Lightmapping: 1
  m_LightShadowCasterMode: 0
  m_AreaSize: {x: 1, y: 1}
  m_BounceIntensity: 1
  m_ColorTemperature: 6570
  m_UseColorTemperature: 0
  m_BoundingSphereOverride: {x: 0, y: 0, z: 0, w: 0}
  m_UseBoundingSphereOverride: 0
  m_UseViewFrustumForShadowCasterCull: 1
  m_ShadowRadius: 0
  m_ShadowAngle: 0
--- !u!1001 &1813061499
PrefabInstance:
  m_ObjectHideFlags: 0
  serializedVersion: 2
  m_Modification:
    m_TransformParent: {fileID: 0}
    m_Modifications:
    - target: {fileID: -8679921383154817045, guid: 8ab6a294f58fb7242ba43bca4f06e518,
        type: 3}
      propertyPath: m_RootOrder
      value: 2
      objectReference: {fileID: 0}
    - target: {fileID: -8679921383154817045, guid: 8ab6a294f58fb7242ba43bca4f06e518,
        type: 3}
      propertyPath: m_LocalScale.x
      value: 14.577226
      objectReference: {fileID: 0}
    - target: {fileID: -8679921383154817045, guid: 8ab6a294f58fb7242ba43bca4f06e518,
        type: 3}
      propertyPath: m_LocalScale.y
      value: 14.577226
      objectReference: {fileID: 0}
    - target: {fileID: -8679921383154817045, guid: 8ab6a294f58fb7242ba43bca4f06e518,
        type: 3}
      propertyPath: m_LocalScale.z
      value: 13.364279
      objectReference: {fileID: 0}
    - target: {fileID: -8679921383154817045, guid: 8ab6a294f58fb7242ba43bca4f06e518,
        type: 3}
      propertyPath: m_LocalPosition.x
      value: -2.3810732
      objectReference: {fileID: 0}
    - target: {fileID: -8679921383154817045, guid: 8ab6a294f58fb7242ba43bca4f06e518,
        type: 3}
      propertyPath: m_LocalPosition.y
      value: 1.6477
      objectReference: {fileID: 0}
    - target: {fileID: -8679921383154817045, guid: 8ab6a294f58fb7242ba43bca4f06e518,
        type: 3}
      propertyPath: m_LocalPosition.z
      value: 1.6256962
      objectReference: {fileID: 0}
    - target: {fileID: -8679921383154817045, guid: 8ab6a294f58fb7242ba43bca4f06e518,
        type: 3}
      propertyPath: m_LocalRotation.w
      value: 0.9944791
      objectReference: {fileID: 0}
    - target: {fileID: -8679921383154817045, guid: 8ab6a294f58fb7242ba43bca4f06e518,
        type: 3}
      propertyPath: m_LocalRotation.x
      value: -0.035346366
      objectReference: {fileID: 0}
    - target: {fileID: -8679921383154817045, guid: 8ab6a294f58fb7242ba43bca4f06e518,
        type: 3}
      propertyPath: m_LocalRotation.y
      value: -0.08746327
      objectReference: {fileID: 0}
    - target: {fileID: -8679921383154817045, guid: 8ab6a294f58fb7242ba43bca4f06e518,
        type: 3}
      propertyPath: m_LocalRotation.z
      value: 0.04595735
      objectReference: {fileID: 0}
    - target: {fileID: -8679921383154817045, guid: 8ab6a294f58fb7242ba43bca4f06e518,
        type: 3}
      propertyPath: m_LocalEulerAnglesHint.x
      value: -3.57
      objectReference: {fileID: 0}
    - target: {fileID: -8679921383154817045, guid: 8ab6a294f58fb7242ba43bca4f06e518,
        type: 3}
      propertyPath: m_LocalEulerAnglesHint.y
      value: -10.227
      objectReference: {fileID: 0}
    - target: {fileID: -8679921383154817045, guid: 8ab6a294f58fb7242ba43bca4f06e518,
        type: 3}
      propertyPath: m_LocalEulerAnglesHint.z
      value: 5.611
      objectReference: {fileID: 0}
    - target: {fileID: -7511558181221131132, guid: 8ab6a294f58fb7242ba43bca4f06e518,
        type: 3}
      propertyPath: m_Materials.Array.data[0]
      value: 
      objectReference: {fileID: 2100000, guid: dd3b1fcec5fafb64ab0f4ce54da48d05, type: 2}
    - target: {fileID: 919132149155446097, guid: 8ab6a294f58fb7242ba43bca4f06e518,
        type: 3}
      propertyPath: m_Name
      value: godray
      objectReference: {fileID: 0}
    m_RemovedComponents: []
  m_SourcePrefab: {fileID: 100100000, guid: 8ab6a294f58fb7242ba43bca4f06e518, type: 3}
--- !u!21 &2002974232
Material:
  serializedVersion: 8
  m_ObjectHideFlags: 0
  m_CorrespondingSourceObject: {fileID: 0}
  m_PrefabInstance: {fileID: 0}
  m_PrefabAsset: {fileID: 0}
  m_Name: Hidden/FMFXAA
  m_Shader: {fileID: 4800000, guid: 00cbb5acf99fa8e44b9c4d1a43a5c2c0, type: 3}
  m_ValidKeywords: []
  m_InvalidKeywords: []
  m_LightmapFlags: 4
  m_EnableInstancingVariants: 0
  m_DoubleSidedGI: 0
  m_CustomRenderQueue: -1
  stringTagMap: {}
  disabledShaderPasses: []
  m_SavedProperties:
    serializedVersion: 3
    m_TexEnvs:
    - _MainTex:
        m_Texture: {fileID: 0}
        m_Scale: {x: 1, y: 1}
        m_Offset: {x: 0, y: 0}
    m_Ints: []
    m_Floats: []
    m_Colors: []
  m_BuildTextureStacks: []
--- !u!1 &2027388523
GameObject:
  m_ObjectHideFlags: 0
  m_CorrespondingSourceObject: {fileID: 0}
  m_PrefabInstance: {fileID: 0}
  m_PrefabAsset: {fileID: 0}
  serializedVersion: 6
  m_Component:
  - component: {fileID: 2027388529}
  - component: {fileID: 2027388524}
  - component: {fileID: 2027388528}
  - component: {fileID: 2027388527}
  - component: {fileID: 2027388526}
  - component: {fileID: 2027388525}
  m_Layer: 12
  m_Name: No post
  m_TagString: MainCamera
  m_Icon: {fileID: 0}
  m_NavMeshLayer: 0
  m_StaticEditorFlags: 0
  m_IsActive: 1
--- !u!20 &2027388524
Camera:
  m_ObjectHideFlags: 0
  m_CorrespondingSourceObject: {fileID: 0}
  m_PrefabInstance: {fileID: 0}
  m_PrefabAsset: {fileID: 0}
  m_GameObject: {fileID: 2027388523}
  m_Enabled: 1
  serializedVersion: 2
  m_ClearFlags: 1
  m_BackGroundColor: {r: 0.19215687, g: 0.3019608, b: 0.4745098, a: 0}
  m_projectionMatrixMode: 1
  m_GateFitMode: 2
  m_FOVAxisMode: 0
  m_SensorSize: {x: 36, y: 24}
  m_LensShift: {x: 0, y: 0}
  m_FocalLength: 50
  m_NormalizedViewPortRect:
    serializedVersion: 2
    x: 0
    y: 0
    width: 1
    height: 1
  near clip plane: 0.17
  far clip plane: 1000
  field of view: 60
  orthographic: 0
  orthographic size: 5
  m_Depth: 1
  m_CullingMask:
    serializedVersion: 2
    m_Bits: 4096
  m_RenderingPath: 1
  m_TargetTexture: {fileID: 0}
  m_TargetDisplay: 0
  m_TargetEye: 3
  m_HDR: 1
  m_AllowMSAA: 1
  m_AllowDynamicResolution: 0
  m_ForceIntoRT: 1
  m_OcclusionCulling: 1
  m_StereoConvergence: 10
  m_StereoSeparation: 0.022
--- !u!114 &2027388525
MonoBehaviour:
  m_ObjectHideFlags: 0
  m_CorrespondingSourceObject: {fileID: 0}
  m_PrefabInstance: {fileID: 0}
  m_PrefabAsset: {fileID: 0}
  m_GameObject: {fileID: 2027388523}
  m_Enabled: 1
  m_EditorHideFlags: 0
  m_Script: {fileID: 11500000, guid: d70c9ba36a8bebe4697e8f8a9da58409, type: 3}
  m_Name: 
  m_EditorClassIdentifier: 
  pipelineAsset: {fileID: 11400000, guid: b413326f26fb7374eb6c5dbe5cadb80c, type: 2}
--- !u!114 &2027388526
MonoBehaviour:
  m_ObjectHideFlags: 0
  m_CorrespondingSourceObject: {fileID: 0}
  m_PrefabInstance: {fileID: 0}
  m_PrefabAsset: {fileID: 0}
  m_GameObject: {fileID: 2027388523}
  m_Enabled: 0
  m_EditorHideFlags: 0
  m_Script: {fileID: 11500000, guid: 172515602e62fb746b5d573b38a5fe58, type: 3}
  m_Name: 
  m_EditorClassIdentifier: 
  m_IsGlobal: 1
  priority: 1
  blendDistance: 0
  weight: 0.11
  sharedProfile: {fileID: 11400000, guid: 5e02049507ac54f9888989755f6210ae, type: 2}
--- !u!114 &2027388527
MonoBehaviour:
  m_ObjectHideFlags: 0
  m_CorrespondingSourceObject: {fileID: 0}
  m_PrefabInstance: {fileID: 0}
  m_PrefabAsset: {fileID: 0}
  m_GameObject: {fileID: 2027388523}
  m_Enabled: 1
  m_EditorHideFlags: 0
  m_Script: {fileID: 11500000, guid: a79441f348de89743a2939f4d699eac1, type: 3}
  m_Name: 
  m_EditorClassIdentifier: 
  m_RenderShadows: 1
  m_RequiresDepthTextureOption: 1
  m_RequiresOpaqueTextureOption: 2
  m_CameraType: 1
  m_Cameras: []
  m_RendererIndex: -1
  m_VolumeLayerMask:
    serializedVersion: 2
    m_Bits: 1
  m_VolumeTrigger: {fileID: 0}
  m_VolumeFrameworkUpdateModeOption: 2
  m_RenderPostProcessing: 0
  m_Antialiasing: 2
  m_AntialiasingQuality: 2
  m_StopNaN: 1
  m_Dithering: 0
  m_ClearDepth: 1
  m_AllowXRRendering: 1
  m_RequiresDepthTexture: 0
  m_RequiresColorTexture: 0
  m_Version: 2
--- !u!81 &2027388528
AudioListener:
  m_ObjectHideFlags: 0
  m_CorrespondingSourceObject: {fileID: 0}
  m_PrefabInstance: {fileID: 0}
  m_PrefabAsset: {fileID: 0}
  m_GameObject: {fileID: 2027388523}
  m_Enabled: 1
--- !u!4 &2027388529
Transform:
  m_ObjectHideFlags: 0
  m_CorrespondingSourceObject: {fileID: 0}
  m_PrefabInstance: {fileID: 0}
  m_PrefabAsset: {fileID: 0}
  m_GameObject: {fileID: 2027388523}
  m_LocalRotation: {x: -0.00000007287599, y: -0.2661971, z: 0.0124325575, w: 0.9638385}
  m_LocalPosition: {x: 0, y: 0, z: 0}
  m_LocalScale: {x: 1, y: 1, z: 1}
  m_ConstrainProportionsScale: 0
  m_Children: []
  m_Father: {fileID: 599605694}
  m_RootOrder: 0
  m_LocalEulerAnglesHint: {x: 0.379, y: -30.874, z: 1.373}
--- !u!1 &2046302642
GameObject:
  m_ObjectHideFlags: 0
  m_CorrespondingSourceObject: {fileID: 0}
  m_PrefabInstance: {fileID: 0}
  m_PrefabAsset: {fileID: 0}
  serializedVersion: 6
  m_Component:
  - component: {fileID: 2046302643}
  - component: {fileID: 2046302645}
  - component: {fileID: 2046302644}
  m_Layer: 0
  m_Name: model_0:cat_bed_penzai_03 (2)
  m_TagString: Untagged
  m_Icon: {fileID: 0}
  m_NavMeshLayer: 0
  m_StaticEditorFlags: 0
  m_IsActive: 1
--- !u!4 &2046302643
Transform:
  m_ObjectHideFlags: 0
  m_CorrespondingSourceObject: {fileID: 0}
  m_PrefabInstance: {fileID: 0}
  m_PrefabAsset: {fileID: 0}
  m_GameObject: {fileID: 2046302642}
  m_LocalRotation: {x: 0, y: -0, z: -0, w: 1}
  m_LocalPosition: {x: -1.938, y: 0.403, z: 3.849}
  m_LocalScale: {x: 1.4243, y: 1.4243, z: 1.4243}
  m_ConstrainProportionsScale: 0
  m_Children: []
  m_Father: {fileID: 1656765111}
  m_RootOrder: 26
  m_LocalEulerAnglesHint: {x: 0, y: 0, z: 0}
--- !u!23 &2046302644
MeshRenderer:
  m_ObjectHideFlags: 0
  m_CorrespondingSourceObject: {fileID: 0}
  m_PrefabInstance: {fileID: 0}
  m_PrefabAsset: {fileID: 0}
  m_GameObject: {fileID: 2046302642}
  m_Enabled: 1
  m_CastShadows: 1
  m_ReceiveShadows: 1
  m_DynamicOccludee: 1
  m_StaticShadowCaster: 0
  m_MotionVectors: 1
  m_LightProbeUsage: 1
  m_ReflectionProbeUsage: 1
  m_RayTracingMode: 2
  m_RayTraceProcedural: 0
  m_RenderingLayerMask: 1
  m_RendererPriority: 0
  m_Materials:
  - {fileID: 2100000, guid: 0a775fe01b6011e4787c0581d46ef21e, type: 2}
  m_StaticBatchInfo:
    firstSubMesh: 0
    subMeshCount: 0
  m_StaticBatchRoot: {fileID: 0}
  m_ProbeAnchor: {fileID: 0}
  m_LightProbeVolumeOverride: {fileID: 0}
  m_ScaleInLightmap: 1
  m_ReceiveGI: 1
  m_PreserveUVs: 0
  m_IgnoreNormalsForChartDetection: 0
  m_ImportantGI: 0
  m_StitchLightmapSeams: 1
  m_SelectedEditorRenderState: 3
  m_MinimumChartSize: 4
  m_AutoUVMaxDistance: 0.5
  m_AutoUVMaxAngle: 89
  m_LightmapParameters: {fileID: 0}
  m_SortingLayerID: 0
  m_SortingLayer: 0
  m_SortingOrder: 0
  m_AdditionalVertexStreams: {fileID: 0}
--- !u!33 &2046302645
MeshFilter:
  m_ObjectHideFlags: 0
  m_CorrespondingSourceObject: {fileID: 0}
  m_PrefabInstance: {fileID: 0}
  m_PrefabAsset: {fileID: 0}
  m_GameObject: {fileID: 2046302642}
  m_Mesh: {fileID: 529985827622579432, guid: a5fbd53286a0690409dc6a6b43552c13, type: 3}
--- !u!21 &2046736441
Material:
  serializedVersion: 8
  m_ObjectHideFlags: 0
  m_CorrespondingSourceObject: {fileID: 0}
  m_PrefabInstance: {fileID: 0}
  m_PrefabAsset: {fileID: 0}
  m_Name: Hidden/FMColor
  m_Shader: {fileID: 4800000, guid: 2d4bd61a0d965b444b9fded8d29cbdcb, type: 3}
  m_ValidKeywords: []
  m_InvalidKeywords: []
  m_LightmapFlags: 4
  m_EnableInstancingVariants: 0
  m_DoubleSidedGI: 0
  m_CustomRenderQueue: -1
  stringTagMap: {}
  disabledShaderPasses: []
  m_SavedProperties:
    serializedVersion: 3
    m_TexEnvs:
    - _MainTex:
        m_Texture: {fileID: 0}
        m_Scale: {x: 1, y: 1}
        m_Offset: {x: 0, y: 0}
    m_Ints: []
    m_Floats: []
    m_Colors: []
  m_BuildTextureStacks: []
