%YAML 1.1
%TAG !u! tag:unity3d.com,2011:
--- !u!1 &4550603846715131997
GameObject:
  m_ObjectHideFlags: 0
  m_CorrespondingSourceObject: {fileID: 0}
  m_PrefabInstance: {fileID: 0}
  m_PrefabAsset: {fileID: 0}
  serializedVersion: 6
  m_Component:
  - component: {fileID: 4550603846715131993}
  - component: {fileID: 4550603846715131994}
  - component: {fileID: 4550603846715131990}
  m_Layer: 0
  m_Name: Platform
  m_TagString: PlatformJump
  m_Icon: {fileID: 0}
  m_NavMeshLayer: 0
  m_StaticEditorFlags: 0
  m_IsActive: 0
--- !u!4 &4550603846715131993
Transform:
  m_ObjectHideFlags: 0
  m_CorrespondingSourceObject: {fileID: 0}
  m_PrefabInstance: {fileID: 0}
  m_PrefabAsset: {fileID: 0}
  m_GameObject: {fileID: 4550603846715131997}
  m_LocalRotation: {x: 0, y: 0, z: 0, w: 1}
  m_LocalPosition: {x: 0, y: -0.6, z: 0}
  m_LocalScale: {x: 1.5, y: 1.5, z: 1.5}
  m_ConstrainProportionsScale: 0
  m_Children:
  - {fileID: 4113163543852380785}
  - {fileID: 7215516849743142591}
  - {fileID: 1332206537633017320}
  - {fileID: 416256293934845490}
  m_Father: {fileID: 0}
  m_RootOrder: 0
  m_LocalEulerAnglesHint: {x: 0, y: 0, z: 0}
--- !u!65 &4550603846715131994
BoxCollider:
  m_ObjectHideFlags: 0
  m_CorrespondingSourceObject: {fileID: 0}
  m_PrefabInstance: {fileID: 0}
  m_PrefabAsset: {fileID: 0}
  m_GameObject: {fileID: 4550603846715131997}
  m_Material: {fileID: 0}
  m_IsTrigger: 1
  m_Enabled: 1
  serializedVersion: 2
  m_Size: {x: 1, y: 1, z: 1}
  m_Center: {x: 0, y: -0.5, z: 0}
--- !u!114 &4550603846715131990
MonoBehaviour:
  m_ObjectHideFlags: 0
  m_CorrespondingSourceObject: {fileID: 0}
  m_PrefabInstance: {fileID: 0}
  m_PrefabAsset: {fileID: 0}
  m_GameObject: {fileID: 4550603846715131997}
  m_Enabled: 1
  m_EditorHideFlags: 0
  m_Script: {fileID: 11500000, guid: e4bf8c4327e401e4ba14dcaa41f51834, type: 3}
  m_Name: 
  m_EditorClassIdentifier: 
  isFakeTile: 0
  isDynamicTile: 0
  isStrongNote: 0
  isSlideTile: 0
  time: 0
  nextNoteDistance: 0
  duration: 0
  slideTime: 0
  velocity: 0
  nextJumpNoteID: 0
  noteID: 0
  isHitted: 0
  canSlide: 0
  coin: {fileID: 1332206537633017321}
  star: {fileID: 5715466260163333165}
  platformAnim: {fileID: 2708643820134573253}
  tileVFX: {fileID: 7417536098654389376}
  fakeTileModel: {fileID: 0}
  fakeTileVFX: {fileID: 0}
--- !u!1001 &1981764615799860499
PrefabInstance:
  m_ObjectHideFlags: 0
  serializedVersion: 2
  m_Modification:
    m_TransformParent: {fileID: 4550603846715131993}
    m_Modifications:
    - target: {fileID: 719545297245683963, guid: faf16bef587eaf84d8b850aed3c5f8ac,
        type: 3}
      propertyPath: m_RootOrder
      value: 2
      objectReference: {fileID: 0}
    - target: {fileID: 719545297245683963, guid: faf16bef587eaf84d8b850aed3c5f8ac,
        type: 3}
      propertyPath: m_LocalScale.x
      value: 0.5
      objectReference: {fileID: 0}
    - target: {fileID: 719545297245683963, guid: faf16bef587eaf84d8b850aed3c5f8ac,
        type: 3}
      propertyPath: m_LocalScale.y
      value: 0.5
      objectReference: {fileID: 0}
    - target: {fileID: 719545297245683963, guid: faf16bef587eaf84d8b850aed3c5f8ac,
        type: 3}
      propertyPath: m_LocalScale.z
      value: 0.5
      objectReference: {fileID: 0}
    - target: {fileID: 719545297245683963, guid: faf16bef587eaf84d8b850aed3c5f8ac,
        type: 3}
      propertyPath: m_LocalPosition.x
      value: 0
      objectReference: {fileID: 0}
    - target: {fileID: 719545297245683963, guid: faf16bef587eaf84d8b850aed3c5f8ac,
        type: 3}
      propertyPath: m_LocalPosition.y
      value: 0
      objectReference: {fileID: 0}
    - target: {fileID: 719545297245683963, guid: faf16bef587eaf84d8b850aed3c5f8ac,
        type: 3}
      propertyPath: m_LocalPosition.z
      value: 0
      objectReference: {fileID: 0}
    - target: {fileID: 719545297245683963, guid: faf16bef587eaf84d8b850aed3c5f8ac,
        type: 3}
      propertyPath: m_LocalRotation.w
      value: 1
      objectReference: {fileID: 0}
    - target: {fileID: 719545297245683963, guid: faf16bef587eaf84d8b850aed3c5f8ac,
        type: 3}
      propertyPath: m_LocalRotation.x
      value: -0
      objectReference: {fileID: 0}
    - target: {fileID: 719545297245683963, guid: faf16bef587eaf84d8b850aed3c5f8ac,
        type: 3}
      propertyPath: m_LocalRotation.y
      value: -0
      objectReference: {fileID: 0}
    - target: {fileID: 719545297245683963, guid: faf16bef587eaf84d8b850aed3c5f8ac,
        type: 3}
      propertyPath: m_LocalRotation.z
      value: -0
      objectReference: {fileID: 0}
    - target: {fileID: 719545297245683963, guid: faf16bef587eaf84d8b850aed3c5f8ac,
        type: 3}
      propertyPath: m_LocalEulerAnglesHint.x
      value: 0
      objectReference: {fileID: 0}
    - target: {fileID: 719545297245683963, guid: faf16bef587eaf84d8b850aed3c5f8ac,
        type: 3}
      propertyPath: m_LocalEulerAnglesHint.y
      value: 0
      objectReference: {fileID: 0}
    - target: {fileID: 719545297245683963, guid: faf16bef587eaf84d8b850aed3c5f8ac,
        type: 3}
      propertyPath: m_LocalEulerAnglesHint.z
      value: 0
      objectReference: {fileID: 0}
    - target: {fileID: 719545297245683964, guid: faf16bef587eaf84d8b850aed3c5f8ac,
        type: 3}
      propertyPath: m_Name
      value: Coin
      objectReference: {fileID: 0}
    - target: {fileID: 719545297245683964, guid: faf16bef587eaf84d8b850aed3c5f8ac,
        type: 3}
      propertyPath: m_IsActive
      value: 1
      objectReference: {fileID: 0}
    m_RemovedComponents: []
  m_SourcePrefab: {fileID: 100100000, guid: faf16bef587eaf84d8b850aed3c5f8ac, type: 3}
--- !u!4 &1332206537633017320 stripped
Transform:
  m_CorrespondingSourceObject: {fileID: 719545297245683963, guid: faf16bef587eaf84d8b850aed3c5f8ac,
    type: 3}
  m_PrefabInstance: {fileID: 1981764615799860499}
  m_PrefabAsset: {fileID: 0}
--- !u!114 &1332206537633017321 stripped
MonoBehaviour:
  m_CorrespondingSourceObject: {fileID: 719545297245683962, guid: faf16bef587eaf84d8b850aed3c5f8ac,
    type: 3}
  m_PrefabInstance: {fileID: 1981764615799860499}
  m_PrefabAsset: {fileID: 0}
  m_GameObject: {fileID: 0}
  m_Enabled: 1
  m_EditorHideFlags: 0
  m_Script: {fileID: 11500000, guid: 4345d0095b3c335459454eb60fee27cb, type: 3}
  m_Name: 
  m_EditorClassIdentifier: 
--- !u!1001 &3155528498874633843
PrefabInstance:
  m_ObjectHideFlags: 0
  serializedVersion: 2
  m_Modification:
    m_TransformParent: {fileID: 4550603846715131993}
    m_Modifications:
    - target: {fileID: 3318139826901516353, guid: 5001fff18b5e71e429fe620ec9152fe1,
        type: 3}
      propertyPath: m_RootOrder
      value: 3
      objectReference: {fileID: 0}
    - target: {fileID: 3318139826901516353, guid: 5001fff18b5e71e429fe620ec9152fe1,
        type: 3}
      propertyPath: m_LocalScale.x
      value: 0.5
      objectReference: {fileID: 0}
    - target: {fileID: 3318139826901516353, guid: 5001fff18b5e71e429fe620ec9152fe1,
        type: 3}
      propertyPath: m_LocalScale.y
      value: 0.5
      objectReference: {fileID: 0}
    - target: {fileID: 3318139826901516353, guid: 5001fff18b5e71e429fe620ec9152fe1,
        type: 3}
      propertyPath: m_LocalScale.z
      value: 0.5
      objectReference: {fileID: 0}
    - target: {fileID: 3318139826901516353, guid: 5001fff18b5e71e429fe620ec9152fe1,
        type: 3}
      propertyPath: m_LocalPosition.x
      value: 0
      objectReference: {fileID: 0}
    - target: {fileID: 3318139826901516353, guid: 5001fff18b5e71e429fe620ec9152fe1,
        type: 3}
      propertyPath: m_LocalPosition.y
      value: 0
      objectReference: {fileID: 0}
    - target: {fileID: 3318139826901516353, guid: 5001fff18b5e71e429fe620ec9152fe1,
        type: 3}
      propertyPath: m_LocalPosition.z
      value: 0
      objectReference: {fileID: 0}
    - target: {fileID: 3318139826901516353, guid: 5001fff18b5e71e429fe620ec9152fe1,
        type: 3}
      propertyPath: m_LocalRotation.w
      value: 1
      objectReference: {fileID: 0}
    - target: {fileID: 3318139826901516353, guid: 5001fff18b5e71e429fe620ec9152fe1,
        type: 3}
      propertyPath: m_LocalRotation.x
      value: -0
      objectReference: {fileID: 0}
    - target: {fileID: 3318139826901516353, guid: 5001fff18b5e71e429fe620ec9152fe1,
        type: 3}
      propertyPath: m_LocalRotation.y
      value: -0
      objectReference: {fileID: 0}
    - target: {fileID: 3318139826901516353, guid: 5001fff18b5e71e429fe620ec9152fe1,
        type: 3}
      propertyPath: m_LocalRotation.z
      value: -0
      objectReference: {fileID: 0}
    - target: {fileID: 3318139826901516353, guid: 5001fff18b5e71e429fe620ec9152fe1,
        type: 3}
      propertyPath: m_LocalEulerAnglesHint.x
      value: 0
      objectReference: {fileID: 0}
    - target: {fileID: 3318139826901516353, guid: 5001fff18b5e71e429fe620ec9152fe1,
        type: 3}
      propertyPath: m_LocalEulerAnglesHint.y
      value: 0
      objectReference: {fileID: 0}
    - target: {fileID: 3318139826901516353, guid: 5001fff18b5e71e429fe620ec9152fe1,
        type: 3}
      propertyPath: m_LocalEulerAnglesHint.z
      value: 0
      objectReference: {fileID: 0}
    - target: {fileID: 3318139826901516358, guid: 5001fff18b5e71e429fe620ec9152fe1,
        type: 3}
      propertyPath: m_Name
      value: Star
      objectReference: {fileID: 0}
    - target: {fileID: 3318139826901516358, guid: 5001fff18b5e71e429fe620ec9152fe1,
        type: 3}
      propertyPath: m_IsActive
      value: 1
      objectReference: {fileID: 0}
    m_RemovedComponents: []
  m_SourcePrefab: {fileID: 100100000, guid: 5001fff18b5e71e429fe620ec9152fe1, type: 3}
--- !u!4 &416256293934845490 stripped
Transform:
  m_CorrespondingSourceObject: {fileID: 3318139826901516353, guid: 5001fff18b5e71e429fe620ec9152fe1,
    type: 3}
  m_PrefabInstance: {fileID: 3155528498874633843}
  m_PrefabAsset: {fileID: 0}
--- !u!114 &5715466260163333165 stripped
MonoBehaviour:
  m_CorrespondingSourceObject: {fileID: 7249627973543739998, guid: 5001fff18b5e71e429fe620ec9152fe1,
    type: 3}
  m_PrefabInstance: {fileID: 3155528498874633843}
  m_PrefabAsset: {fileID: 0}
  m_GameObject: {fileID: 0}
  m_Enabled: 1
  m_EditorHideFlags: 0
  m_Script: {fileID: 11500000, guid: b5289073c42f0ec4593853e9c97be1d3, type: 3}
  m_Name: 
  m_EditorClassIdentifier: 
--- !u!1001 &4512146191933576602
PrefabInstance:
  m_ObjectHideFlags: 0
  serializedVersion: 2
  m_Modification:
    m_TransformParent: {fileID: 4550603846715131993}
    m_Modifications:
    - target: {fileID: -8679921383154817045, guid: c53a6c8d973a01a4ab39e148bc25a6fa,
        type: 3}
      propertyPath: m_RootOrder
      value: 0
      objectReference: {fileID: 0}
    - target: {fileID: -8679921383154817045, guid: c53a6c8d973a01a4ab39e148bc25a6fa,
        type: 3}
      propertyPath: m_LocalScale.x
      value: 1
      objectReference: {fileID: 0}
    - target: {fileID: -8679921383154817045, guid: c53a6c8d973a01a4ab39e148bc25a6fa,
        type: 3}
      propertyPath: m_LocalScale.y
      value: 1
      objectReference: {fileID: 0}
    - target: {fileID: -8679921383154817045, guid: c53a6c8d973a01a4ab39e148bc25a6fa,
        type: 3}
      propertyPath: m_LocalScale.z
      value: 1
      objectReference: {fileID: 0}
    - target: {fileID: -8679921383154817045, guid: c53a6c8d973a01a4ab39e148bc25a6fa,
        type: 3}
      propertyPath: m_LocalPosition.x
      value: 0
      objectReference: {fileID: 0}
    - target: {fileID: -8679921383154817045, guid: c53a6c8d973a01a4ab39e148bc25a6fa,
        type: 3}
      propertyPath: m_LocalPosition.y
      value: 0
      objectReference: {fileID: 0}
    - target: {fileID: -8679921383154817045, guid: c53a6c8d973a01a4ab39e148bc25a6fa,
        type: 3}
      propertyPath: m_LocalPosition.z
      value: 0
      objectReference: {fileID: 0}
    - target: {fileID: -8679921383154817045, guid: c53a6c8d973a01a4ab39e148bc25a6fa,
        type: 3}
      propertyPath: m_LocalRotation.w
      value: 1
      objectReference: {fileID: 0}
    - target: {fileID: -8679921383154817045, guid: c53a6c8d973a01a4ab39e148bc25a6fa,
        type: 3}
      propertyPath: m_LocalRotation.x
      value: -0
      objectReference: {fileID: 0}
    - target: {fileID: -8679921383154817045, guid: c53a6c8d973a01a4ab39e148bc25a6fa,
        type: 3}
      propertyPath: m_LocalRotation.y
      value: -0
      objectReference: {fileID: 0}
    - target: {fileID: -8679921383154817045, guid: c53a6c8d973a01a4ab39e148bc25a6fa,
        type: 3}
      propertyPath: m_LocalRotation.z
      value: -0
      objectReference: {fileID: 0}
    - target: {fileID: -8679921383154817045, guid: c53a6c8d973a01a4ab39e148bc25a6fa,
        type: 3}
      propertyPath: m_LocalEulerAnglesHint.x
      value: 0
      objectReference: {fileID: 0}
    - target: {fileID: -8679921383154817045, guid: c53a6c8d973a01a4ab39e148bc25a6fa,
        type: 3}
      propertyPath: m_LocalEulerAnglesHint.y
      value: 0
      objectReference: {fileID: 0}
    - target: {fileID: -8679921383154817045, guid: c53a6c8d973a01a4ab39e148bc25a6fa,
        type: 3}
      propertyPath: m_LocalEulerAnglesHint.z
      value: 0
      objectReference: {fileID: 0}
    - target: {fileID: -7511558181221131132, guid: c53a6c8d973a01a4ab39e148bc25a6fa,
        type: 3}
      propertyPath: m_CastShadows
      value: 0
      objectReference: {fileID: 0}
    - target: {fileID: 919132149155446097, guid: c53a6c8d973a01a4ab39e148bc25a6fa,
        type: 3}
      propertyPath: m_Name
      value: SM_Normal_Tile
      objectReference: {fileID: 0}
    m_RemovedComponents: []
  m_SourcePrefab: {fileID: 100100000, guid: c53a6c8d973a01a4ab39e148bc25a6fa, type: 3}
--- !u!1 &3629677960368761035 stripped
GameObject:
  m_CorrespondingSourceObject: {fileID: 919132149155446097, guid: c53a6c8d973a01a4ab39e148bc25a6fa,
    type: 3}
  m_PrefabInstance: {fileID: 4512146191933576602}
  m_PrefabAsset: {fileID: 0}
--- !u!95 &2708643820134573253
Animator:
  serializedVersion: 5
  m_ObjectHideFlags: 0
  m_CorrespondingSourceObject: {fileID: 0}
  m_PrefabInstance: {fileID: 0}
  m_PrefabAsset: {fileID: 0}
  m_GameObject: {fileID: 3629677960368761035}
  m_Enabled: 1
  m_Avatar: {fileID: 0}
  m_Controller: {fileID: 9100000, guid: 4e33f64fa92391a418bfef3abe93e798, type: 2}
  m_CullingMode: 0
  m_UpdateMode: 0
  m_ApplyRootMotion: 0
  m_LinearVelocityBlending: 0
  m_StabilizeFeet: 0
  m_WarningMessage: 
  m_HasTransformHierarchy: 1
  m_AllowConstantClipSamplingOptimization: 1
  m_KeepAnimatorStateOnDisable: 0
  m_WriteDefaultValuesOnDisable: 0
--- !u!4 &4113163543852380785 stripped
Transform:
  m_CorrespondingSourceObject: {fileID: -8679921383154817045, guid: c53a6c8d973a01a4ab39e148bc25a6fa,
    type: 3}
  m_PrefabInstance: {fileID: 4512146191933576602}
  m_PrefabAsset: {fileID: 0}
--- !u!1001 &4757811440604623480
PrefabInstance:
  m_ObjectHideFlags: 0
  serializedVersion: 2
  m_Modification:
    m_TransformParent: {fileID: 4113163543852380785}
    m_Modifications:
    - target: {fileID: 3106970524817985930, guid: b4dd6b527c298794080f11f407b01ac0,
        type: 3}
      propertyPath: m_RootOrder
      value: 0
      objectReference: {fileID: 0}
    - target: {fileID: 3106970524817985930, guid: b4dd6b527c298794080f11f407b01ac0,
        type: 3}
      propertyPath: m_LocalPosition.x
      value: 0
      objectReference: {fileID: 0}
    - target: {fileID: 3106970524817985930, guid: b4dd6b527c298794080f11f407b01ac0,
        type: 3}
      propertyPath: m_LocalPosition.y
      value: -0.33
      objectReference: {fileID: 0}
    - target: {fileID: 3106970524817985930, guid: b4dd6b527c298794080f11f407b01ac0,
        type: 3}
      propertyPath: m_LocalPosition.z
      value: 0
      objectReference: {fileID: 0}
    - target: {fileID: 3106970524817985930, guid: b4dd6b527c298794080f11f407b01ac0,
        type: 3}
      propertyPath: m_LocalRotation.w
      value: 0.7071068
      objectReference: {fileID: 0}
    - target: {fileID: 3106970524817985930, guid: b4dd6b527c298794080f11f407b01ac0,
        type: 3}
      propertyPath: m_LocalRotation.x
      value: -0.7071068
      objectReference: {fileID: 0}
    - target: {fileID: 3106970524817985930, guid: b4dd6b527c298794080f11f407b01ac0,
        type: 3}
      propertyPath: m_LocalRotation.y
      value: -0
      objectReference: {fileID: 0}
    - target: {fileID: 3106970524817985930, guid: b4dd6b527c298794080f11f407b01ac0,
        type: 3}
      propertyPath: m_LocalRotation.z
      value: -0
      objectReference: {fileID: 0}
    - target: {fileID: 3106970524817985930, guid: b4dd6b527c298794080f11f407b01ac0,
        type: 3}
      propertyPath: m_LocalEulerAnglesHint.x
      value: -90
      objectReference: {fileID: 0}
    - target: {fileID: 3106970524817985930, guid: b4dd6b527c298794080f11f407b01ac0,
        type: 3}
      propertyPath: m_LocalEulerAnglesHint.y
      value: 0
      objectReference: {fileID: 0}
    - target: {fileID: 3106970524817985930, guid: b4dd6b527c298794080f11f407b01ac0,
        type: 3}
      propertyPath: m_LocalEulerAnglesHint.z
      value: 0
      objectReference: {fileID: 0}
    - target: {fileID: 3583117714567876071, guid: b4dd6b527c298794080f11f407b01ac0,
        type: 3}
      propertyPath: m_Name
      value: Water Ripples
      objectReference: {fileID: 0}
    m_RemovedComponents: []
  m_SourcePrefab: {fileID: 100100000, guid: b4dd6b527c298794080f11f407b01ac0, type: 3}
--- !u!1001 &5488482858554104206
PrefabInstance:
  m_ObjectHideFlags: 0
  serializedVersion: 2
  m_Modification:
    m_TransformParent: {fileID: 4113163543852380785}
    m_Modifications:
    - target: {fileID: 1378133987767365026, guid: e43402a874906a74babbb588d79e69b0,
        type: 3}
      propertyPath: m_RootOrder
      value: 1
      objectReference: {fileID: 0}
    - target: {fileID: 1378133987767365026, guid: e43402a874906a74babbb588d79e69b0,
        type: 3}
      propertyPath: m_LocalPosition.x
      value: 0
      objectReference: {fileID: 0}
    - target: {fileID: 1378133987767365026, guid: e43402a874906a74babbb588d79e69b0,
        type: 3}
      propertyPath: m_LocalPosition.y
      value: -0.30000004
      objectReference: {fileID: 0}
    - target: {fileID: 1378133987767365026, guid: e43402a874906a74babbb588d79e69b0,
        type: 3}
      propertyPath: m_LocalPosition.z
      value: 0
      objectReference: {fileID: 0}
    - target: {fileID: 1378133987767365026, guid: e43402a874906a74babbb588d79e69b0,
        type: 3}
      propertyPath: m_LocalRotation.w
      value: 1
      objectReference: {fileID: 0}
    - target: {fileID: 1378133987767365026, guid: e43402a874906a74babbb588d79e69b0,
        type: 3}
      propertyPath: m_LocalRotation.x
      value: -0
      objectReference: {fileID: 0}
    - target: {fileID: 1378133987767365026, guid: e43402a874906a74babbb588d79e69b0,
        type: 3}
      propertyPath: m_LocalRotation.y
      value: -0
      objectReference: {fileID: 0}
    - target: {fileID: 1378133987767365026, guid: e43402a874906a74babbb588d79e69b0,
        type: 3}
      propertyPath: m_LocalRotation.z
      value: -0
      objectReference: {fileID: 0}
    - target: {fileID: 1378133987767365026, guid: e43402a874906a74babbb588d79e69b0,
        type: 3}
      propertyPath: m_LocalEulerAnglesHint.x
      value: 0
      objectReference: {fileID: 0}
    - target: {fileID: 1378133987767365026, guid: e43402a874906a74babbb588d79e69b0,
        type: 3}
      propertyPath: m_LocalEulerAnglesHint.y
      value: 0
      objectReference: {fileID: 0}
    - target: {fileID: 1378133987767365026, guid: e43402a874906a74babbb588d79e69b0,
        type: 3}
      propertyPath: m_LocalEulerAnglesHint.z
      value: 0
      objectReference: {fileID: 0}
    - target: {fileID: 1759725633710356248, guid: e43402a874906a74babbb588d79e69b0,
        type: 3}
      propertyPath: m_Name
      value: SM_WaterSquareFoam
      objectReference: {fileID: 0}
    m_RemovedComponents: []
  m_SourcePrefab: {fileID: 100100000, guid: e43402a874906a74babbb588d79e69b0, type: 3}
--- !u!1001 &7219921825131307664
PrefabInstance:
  m_ObjectHideFlags: 0
  serializedVersion: 2
  m_Modification:
    m_TransformParent: {fileID: 4550603846715131993}
    m_Modifications:
    - target: {fileID: 1704149813708642, guid: 071e87cfa27925641b4501584f4d49da, type: 3}
      propertyPath: m_Name
      value: HitPerFx_X1
      objectReference: {fileID: 0}
    - target: {fileID: 4779567495756847, guid: 071e87cfa27925641b4501584f4d49da, type: 3}
      propertyPath: m_RootOrder
      value: 1
      objectReference: {fileID: 0}
    - target: {fileID: 4779567495756847, guid: 071e87cfa27925641b4501584f4d49da, type: 3}
      propertyPath: m_LocalPosition.x
      value: 0
      objectReference: {fileID: 0}
    - target: {fileID: 4779567495756847, guid: 071e87cfa27925641b4501584f4d49da, type: 3}
      propertyPath: m_LocalPosition.y
      value: 0
      objectReference: {fileID: 0}
    - target: {fileID: 4779567495756847, guid: 071e87cfa27925641b4501584f4d49da, type: 3}
      propertyPath: m_LocalPosition.z
      value: 0
      objectReference: {fileID: 0}
    - target: {fileID: 4779567495756847, guid: 071e87cfa27925641b4501584f4d49da, type: 3}
      propertyPath: m_LocalRotation.w
      value: 1
      objectReference: {fileID: 0}
    - target: {fileID: 4779567495756847, guid: 071e87cfa27925641b4501584f4d49da, type: 3}
      propertyPath: m_LocalRotation.x
      value: 0
      objectReference: {fileID: 0}
    - target: {fileID: 4779567495756847, guid: 071e87cfa27925641b4501584f4d49da, type: 3}
      propertyPath: m_LocalRotation.y
      value: 0
      objectReference: {fileID: 0}
    - target: {fileID: 4779567495756847, guid: 071e87cfa27925641b4501584f4d49da, type: 3}
      propertyPath: m_LocalRotation.z
      value: 0
      objectReference: {fileID: 0}
    - target: {fileID: 4779567495756847, guid: 071e87cfa27925641b4501584f4d49da, type: 3}
      propertyPath: m_LocalEulerAnglesHint.x
      value: 0
      objectReference: {fileID: 0}
    - target: {fileID: 4779567495756847, guid: 071e87cfa27925641b4501584f4d49da, type: 3}
      propertyPath: m_LocalEulerAnglesHint.y
      value: -0
      objectReference: {fileID: 0}
    - target: {fileID: 4779567495756847, guid: 071e87cfa27925641b4501584f4d49da, type: 3}
      propertyPath: m_LocalEulerAnglesHint.z
      value: -0
      objectReference: {fileID: 0}
    m_RemovedComponents: []
  m_SourcePrefab: {fileID: 100100000, guid: 071e87cfa27925641b4501584f4d49da, type: 3}
--- !u!4 &7215516849743142591 stripped
Transform:
  m_CorrespondingSourceObject: {fileID: 4779567495756847, guid: 071e87cfa27925641b4501584f4d49da,
    type: 3}
  m_PrefabInstance: {fileID: 7219921825131307664}
  m_PrefabAsset: {fileID: 0}
--- !u!198 &7417536098654389376 stripped
ParticleSystem:
  m_CorrespondingSourceObject: {fileID: 198775679958132240, guid: 071e87cfa27925641b4501584f4d49da,
    type: 3}
  m_PrefabInstance: {fileID: 7219921825131307664}
  m_PrefabAsset: {fileID: 0}
