%YAML 1.1
%TAG !u! tag:unity3d.com,2011:
--- !u!1 &4570074850373559946
GameObject:
  m_ObjectHideFlags: 0
  m_CorrespondingSourceObject: {fileID: 0}
  m_PrefabInstance: {fileID: 0}
  m_PrefabAsset: {fileID: 0}
  serializedVersion: 6
  m_Component:
  - component: {fileID: 4968614836963237073}
  m_Layer: 5
  m_Name: Content
  m_TagString: Untagged
  m_Icon: {fileID: 0}
  m_NavMeshLayer: 0
  m_StaticEditorFlags: 0
  m_IsActive: 1
--- !u!224 &4968614836963237073
RectTransform:
  m_ObjectHideFlags: 0
  m_CorrespondingSourceObject: {fileID: 0}
  m_PrefabInstance: {fileID: 0}
  m_PrefabAsset: {fileID: 0}
  m_GameObject: {fileID: 4570074850373559946}
  m_LocalRotation: {x: 0, y: 0, z: 0, w: 1}
  m_LocalPosition: {x: 0, y: 0, z: 0}
  m_LocalScale: {x: 1, y: 1, z: 1}
  m_ConstrainProportionsScale: 0
  m_Children:
  - {fileID: 4540828935698545003}
  m_Father: {fileID: 5658645405047732988}
  m_RootOrder: 0
  m_LocalEulerAnglesHint: {x: 0, y: 0, z: 0}
  m_AnchorMin: {x: 0, y: 0}
  m_AnchorMax: {x: 1, y: 1}
  m_AnchoredPosition: {x: 0, y: 0}
  m_SizeDelta: {x: 0, y: 0}
  m_Pivot: {x: 0.5, y: 0.5}
--- !u!1 &6435511851999741151
GameObject:
  m_ObjectHideFlags: 0
  m_CorrespondingSourceObject: {fileID: 0}
  m_PrefabInstance: {fileID: 0}
  m_PrefabAsset: {fileID: 0}
  serializedVersion: 6
  m_Component:
  - component: {fileID: 5658645405047732988}
  - component: {fileID: 431552721178317999}
  - component: {fileID: 6403642669130912141}
  - component: {fileID: 3115413888774708265}
  - component: {fileID: 6697314707713955007}
  m_Layer: 5
  m_Name: PopupTransition
  m_TagString: Untagged
  m_Icon: {fileID: 0}
  m_NavMeshLayer: 0
  m_StaticEditorFlags: 0
  m_IsActive: 1
--- !u!224 &5658645405047732988
RectTransform:
  m_ObjectHideFlags: 0
  m_CorrespondingSourceObject: {fileID: 0}
  m_PrefabInstance: {fileID: 0}
  m_PrefabAsset: {fileID: 0}
  m_GameObject: {fileID: 6435511851999741151}
  m_LocalRotation: {x: 0, y: 0, z: 0, w: 1}
  m_LocalPosition: {x: 0, y: 0, z: 0}
  m_LocalScale: {x: 1, y: 1, z: 1}
  m_ConstrainProportionsScale: 0
  m_Children:
  - {fileID: 4968614836963237073}
  m_Father: {fileID: 0}
  m_RootOrder: 0
  m_LocalEulerAnglesHint: {x: 0, y: 0, z: 0}
  m_AnchorMin: {x: 0, y: 0}
  m_AnchorMax: {x: 1, y: 1}
  m_AnchoredPosition: {x: 0, y: 0}
  m_SizeDelta: {x: 0, y: 0}
  m_Pivot: {x: 0.5, y: 0.5}
--- !u!223 &431552721178317999
Canvas:
  m_ObjectHideFlags: 0
  m_CorrespondingSourceObject: {fileID: 0}
  m_PrefabInstance: {fileID: 0}
  m_PrefabAsset: {fileID: 0}
  m_GameObject: {fileID: 6435511851999741151}
  m_Enabled: 1
  serializedVersion: 3
  m_RenderMode: 2
  m_Camera: {fileID: 0}
  m_PlaneDistance: 100
  m_PixelPerfect: 0
  m_ReceivesEvents: 1
  m_OverrideSorting: 1
  m_OverridePixelPerfect: 0
  m_SortingBucketNormalizedSize: 0
  m_AdditionalShaderChannelsFlag: 25
  m_SortingLayerID: 0
  m_SortingOrder: 0
  m_TargetDisplay: 0
--- !u!114 &6403642669130912141
MonoBehaviour:
  m_ObjectHideFlags: 0
  m_CorrespondingSourceObject: {fileID: 0}
  m_PrefabInstance: {fileID: 0}
  m_PrefabAsset: {fileID: 0}
  m_GameObject: {fileID: 6435511851999741151}
  m_Enabled: 1
  m_EditorHideFlags: 0
  m_Script: {fileID: 11500000, guid: dc42784cf147c0c48a680349fa168899, type: 3}
  m_Name: 
  m_EditorClassIdentifier: 
  m_IgnoreReversedGraphics: 1
  m_BlockingObjects: 0
  m_BlockingMask:
    serializedVersion: 2
    m_Bits: 4294967295
--- !u!225 &3115413888774708265
CanvasGroup:
  m_ObjectHideFlags: 0
  m_CorrespondingSourceObject: {fileID: 0}
  m_PrefabInstance: {fileID: 0}
  m_PrefabAsset: {fileID: 0}
  m_GameObject: {fileID: 6435511851999741151}
  m_Enabled: 1
  m_Alpha: 1
  m_Interactable: 0
  m_BlocksRaycasts: 1
  m_IgnoreParentGroups: 0
--- !u!114 &6697314707713955007
MonoBehaviour:
  m_ObjectHideFlags: 0
  m_CorrespondingSourceObject: {fileID: 0}
  m_PrefabInstance: {fileID: 0}
  m_PrefabAsset: {fileID: 0}
  m_GameObject: {fileID: 6435511851999741151}
  m_Enabled: 1
  m_EditorHideFlags: 0
  m_Script: {fileID: 11500000, guid: 549bf76c1d6d7ff4f903185932176ce3, type: 3}
  m_Name: 
  m_EditorClassIdentifier: 
  useAnimation: 1
  useShowAnimation: 1
  showAnimationType: 0
  useHideAnimation: 0
  hideAnimationType: 0
--- !u!1001 &4392802827811235103
PrefabInstance:
  m_ObjectHideFlags: 0
  serializedVersion: 2
  m_Modification:
    m_TransformParent: {fileID: 4968614836963237073}
    m_Modifications:
    - target: {fileID: 284321878773161075, guid: 6a654963ef81c764ba81d2bef6ba0fd6,
        type: 3}
      propertyPath: m_Name
      value: CloudAnim
      objectReference: {fileID: 0}
    - target: {fileID: 284321878773161076, guid: 6a654963ef81c764ba81d2bef6ba0fd6,
        type: 3}
      propertyPath: m_Pivot.x
      value: 0.5
      objectReference: {fileID: 0}
    - target: {fileID: 284321878773161076, guid: 6a654963ef81c764ba81d2bef6ba0fd6,
        type: 3}
      propertyPath: m_Pivot.y
      value: 0.5
      objectReference: {fileID: 0}
    - target: {fileID: 284321878773161076, guid: 6a654963ef81c764ba81d2bef6ba0fd6,
        type: 3}
      propertyPath: m_RootOrder
      value: 0
      objectReference: {fileID: 0}
    - target: {fileID: 284321878773161076, guid: 6a654963ef81c764ba81d2bef6ba0fd6,
        type: 3}
      propertyPath: m_AnchorMax.x
      value: 0.5
      objectReference: {fileID: 0}
    - target: {fileID: 284321878773161076, guid: 6a654963ef81c764ba81d2bef6ba0fd6,
        type: 3}
      propertyPath: m_AnchorMax.y
      value: 0.5
      objectReference: {fileID: 0}
    - target: {fileID: 284321878773161076, guid: 6a654963ef81c764ba81d2bef6ba0fd6,
        type: 3}
      propertyPath: m_AnchorMin.x
      value: 0.5
      objectReference: {fileID: 0}
    - target: {fileID: 284321878773161076, guid: 6a654963ef81c764ba81d2bef6ba0fd6,
        type: 3}
      propertyPath: m_AnchorMin.y
      value: 0.5
      objectReference: {fileID: 0}
    - target: {fileID: 284321878773161076, guid: 6a654963ef81c764ba81d2bef6ba0fd6,
        type: 3}
      propertyPath: m_SizeDelta.x
      value: 895
      objectReference: {fileID: 0}
    - target: {fileID: 284321878773161076, guid: 6a654963ef81c764ba81d2bef6ba0fd6,
        type: 3}
      propertyPath: m_SizeDelta.y
      value: 786
      objectReference: {fileID: 0}
    - target: {fileID: 284321878773161076, guid: 6a654963ef81c764ba81d2bef6ba0fd6,
        type: 3}
      propertyPath: m_LocalPosition.x
      value: 0
      objectReference: {fileID: 0}
    - target: {fileID: 284321878773161076, guid: 6a654963ef81c764ba81d2bef6ba0fd6,
        type: 3}
      propertyPath: m_LocalPosition.y
      value: 0
      objectReference: {fileID: 0}
    - target: {fileID: 284321878773161076, guid: 6a654963ef81c764ba81d2bef6ba0fd6,
        type: 3}
      propertyPath: m_LocalPosition.z
      value: 0
      objectReference: {fileID: 0}
    - target: {fileID: 284321878773161076, guid: 6a654963ef81c764ba81d2bef6ba0fd6,
        type: 3}
      propertyPath: m_LocalRotation.w
      value: 1
      objectReference: {fileID: 0}
    - target: {fileID: 284321878773161076, guid: 6a654963ef81c764ba81d2bef6ba0fd6,
        type: 3}
      propertyPath: m_LocalRotation.x
      value: -0
      objectReference: {fileID: 0}
    - target: {fileID: 284321878773161076, guid: 6a654963ef81c764ba81d2bef6ba0fd6,
        type: 3}
      propertyPath: m_LocalRotation.y
      value: -0
      objectReference: {fileID: 0}
    - target: {fileID: 284321878773161076, guid: 6a654963ef81c764ba81d2bef6ba0fd6,
        type: 3}
      propertyPath: m_LocalRotation.z
      value: -0
      objectReference: {fileID: 0}
    - target: {fileID: 284321878773161076, guid: 6a654963ef81c764ba81d2bef6ba0fd6,
        type: 3}
      propertyPath: m_AnchoredPosition.x
      value: 0
      objectReference: {fileID: 0}
    - target: {fileID: 284321878773161076, guid: 6a654963ef81c764ba81d2bef6ba0fd6,
        type: 3}
      propertyPath: m_AnchoredPosition.y
      value: 0
      objectReference: {fileID: 0}
    - target: {fileID: 284321878773161076, guid: 6a654963ef81c764ba81d2bef6ba0fd6,
        type: 3}
      propertyPath: m_LocalEulerAnglesHint.x
      value: 0
      objectReference: {fileID: 0}
    - target: {fileID: 284321878773161076, guid: 6a654963ef81c764ba81d2bef6ba0fd6,
        type: 3}
      propertyPath: m_LocalEulerAnglesHint.y
      value: 0
      objectReference: {fileID: 0}
    - target: {fileID: 284321878773161076, guid: 6a654963ef81c764ba81d2bef6ba0fd6,
        type: 3}
      propertyPath: m_LocalEulerAnglesHint.z
      value: 0
      objectReference: {fileID: 0}
    m_RemovedComponents: []
  m_SourcePrefab: {fileID: 100100000, guid: 6a654963ef81c764ba81d2bef6ba0fd6, type: 3}
--- !u!224 &4540828935698545003 stripped
RectTransform:
  m_CorrespondingSourceObject: {fileID: 284321878773161076, guid: 6a654963ef81c764ba81d2bef6ba0fd6,
    type: 3}
  m_PrefabInstance: {fileID: 4392802827811235103}
  m_PrefabAsset: {fileID: 0}
